2430 3840
453 157 708 210 ...XXXIII-.-

107 357 109 361 ι
135 328 286 387 Judaeum
314 330 345 386 et
371 328 446 386 alios
475 329 633 401 scriptores
656 327 790 404 vulgaris
814 329 971 401 sermonis,
998 330 1088 387 utin

134 419 193 476 NT
217 417 295 476 Aeta
318 416 423 492 Apost.
449 417 478 490 3,
494 418 522 473 7.

68 504 285 582 διαβαίνειν
310 501 357 578 εἴς
380 522 452 564 τινα
475 524 529 580 pro
554 501 673 579 διήκειν
698 498 859 586 (pertinere
882 507 922 566 ad
945 497 1086 588 ctionem)

135 598 171 654 fr.
185 595 217 655 Π
240 597 295 655 col.
309 595 337 652 V
353 597 381 653 9.
427 595 479 652 cfr.
502 593 546 651 ibi
569 593 801 653 adnotationem.

69 682 337 758 ἐλαχιστιαῖος
356 685 392 741 fr.
406 683 439 742 H
457 683 511 742 col.
525 683 570 740 VI
586 686 634 741 12.
659 684 696 742 de
709 684 833 743 vocibus
849 686 881 742 in
897 685 996 759 -ιαϊος
1011 685 1086 745 desi-

135 774 284 848 nentibus,
299 793 426 849 quarum
439 776 541 831 tamen
555 775 646 848 stirps
661 775 795 844 vocalem
815 791 824 832 ι
843 793 902 832 non
916 774 1015 848 habet,
1033 775 1086 832 cfr.

136 864 306 939 Mayserum
326 862 459 922 creon.
474 863 502 920 d.
514 863 620 935 yrc'ect.
635 863 708 934 Ραρ.
724 866 751 922 d.
765 863 952 924 Ptolemaei.
966 884 995 940 p.
1011 865 1085 940 448,

136 953 189 1029 qui
203 952 356 1028 complura
371 952 507 1027 exempla
516 952 655 1010 vocabuli
666 951 820 1026 μηνιαῑος,
832 951 911 1028 quod
920 953 1012 1012 semel
1024 955 1086 1011 iam

135 1042 173 1100 ab
191 1041 340 1116 Aeschylo
364 1040 523 1099 adhibetur
547 1039 649 1116 Suppl.
670 1043 744 1116 226,
765 1060 800 1099 ex
818 1043 941 1118 papyris
961 1042 1086 1101 collecta

135 1134 298 1205 enumerat,
313 1134 344 1189 et
358 1131 542 1189 Schmidium
556 1130 575 1188 l.
587 1149 611 1188 cs
623 1131 668 1189 IV
682 1150 710 1206 p.
729 1133 804 1206 700,
825 1132 877 1206 qui
897 1151 931 1189 ex
950 1131 1085 1190 Luciano

134 1223 222 1280 notat
235 1220 383 1279 vocabula
400 1216 645 1301 ἐπταμηνιαῖος,
665 1219 887 1293 κολοσσιαῖος,
907 1221 1084 1294 κυαμιαῖος.

134 1310 192 1368 hoc
214 1313 317 1368 tamen
336 1309 460 1368 verbum
479 1305 697 1382 ἐλαχιστιαῖος
718 1330 733 1368 ο
753 1310 936 1384 superlativo
956 1309 1086 1368 derivari

135 1401 228 1457 etiam
241 1401 338 1476 magis
353 1401 463 1456 mirum
480 1401 538 1472 est3
562 1418 746 1474 quamquam
767 1398 949 1457 considerari
968 1400 1086 1473 oportet

133 1489 349 1563 posterioribus
376 1488 560 1562 temporibus
593 1490 675 1547 vocis
706 1483 879 1561 ἐλάχιστος
907 1488 1085 1562 superlativi

133 1579 196 1635 vim
220 1577 293 1636 adeo
318 1579 486 1651 evanuisse,
508 1579 543 1634 ut
567 1596 602 1634 ex
626 1597 661 1634 ea
684 1578 906 1654 comparativus
931 1579 961 1634 et
984 1595 1085 1653 super-

133 1667 247 1726 lativus
272 1662 534 1740 ἐλαχιστότερος,
560 1662 812 1739 ἐλαχιστότατος
837 1666 1031 1726 derivaretur.

67 1750 321 1830 ἐξοφθάλμως
345 1757 381 1814 fr.
395 1755 523 1814 XXXVI
542 1755 707 1814 cotnra.
743 1756 823 1832 apud
842 1755 1009 1829 Platonem,
1026 1755 1084 1813 Xe·

67 1901 69 1903 ,
133 1845 324 1919 nophoutem,
345 1845 540 1903 Aristotelem
560 1841 765 1919 ἐξόφθαλμος
789 1845 960 1921 appellatur
977 1845 1013 1918 is,
1033 1846 1086 1920 qui

41 1928 44 1937 '
135 1934 235 1992 oculos
253 1934 456 2009 prominentes
475 1933 574 1992 habet.
610 1934 688 1993 hanc
710 1937 811 1994 tamen
836 1934 1085 2013 significationem

133 2025 308 2096 manifestus
331 2043 391 2082 uon
409 2023 501 2081 habet
519 2023 579 2082 nisi
598 2023 677 2099 apud
695 2023 857 2099 Polybium
877 2028 906 2098 1,
923 2025 973 2096 10,
989 2024 1007 2080 3
1032 2018 1085 2082 διὰ

132 2107 171 2170 τὸ
186 2111 294 2170 δοκεῖν
310 2109 516 2188 ἐξόφθαλμον
531 2106 612 2171 εἶναι
627 2111 685 2186 τὴν
701 2108 837 2184 ἀλογίαν
852 2112 909 2187 τῆς
926 2108 1083 2186 βοηθείας.

66 2197 242 2275 ἐπαίρειν
267 2197 384 2261 ἑαυτὸν
410 2198 462 2260 ἐπί
485 2218 545 2260 τινι
570 2202 605 2259 fr.
620 2201 717 2259 LXIV
737 2202 791 2260 col.
806 2201 855 2259 18
879 2201 970 2260 habet
993 2200 1084 2278 signi-

132 2289 302 2348 ficationem
331 2287 461 2365 ιιινραιιίῖ
493 2294 527 2349 αῖ
553 2291 625 2348 bono
658 2293 756 2350 animo
783 2293 826 2348 sis
852 2291 887 2349 de
915 2291 1017 2362 aliqua
1043 2307 1084 2365 re,

134 2377 264 2453 θαρρεῖν
293 2375 388 2440 ἕνεκά
417 2397 514 2453 τινος.
561 2380 641 2455 apud
669 2379 745 2438 alios
774 2381 932 2455 scriptores
956 2397 1016 2437 non
1038 2380 1084 2436 in-

132 2467 252 2527 venitur
275 2471 305 2527 et
329 2466 517 2543 ἐπαίρεσθαι
541 2468 623 2527 aliud
646 2469 804 2546 significat.

41 2589 44 2594 ’
66 2553 275 2631 ἐφιστάναι
303 2556 364 2618 τινί
386 2560 422 2617 fr.
442 2558 540 2616 XXIV
563 2559 618 2616 eol.
633 2557 680 2616 ΙΠ
701 2560 742 2616 10
766 2560 899 2618 animum
922 2560 1084 2617 convertere

131 2649 165 2704 ιἰι
188 2648 307 2719 aliquid.
355 2644 528 2720 ἐπιστῆσαι
556 2647 693 2707 absolute
721 2647 836 2706 dictum
861 2667 896 2705 ex
919 2647 1083 2705 Aristotele

133 2753 221 2810 saepe
258 2738 345 2795 notat
376 2737 497 2810 Bonita,
534 2738 626 2794 semel
658 2736 750 2794 etiam
787 2756 854 2796 cum
886 2736 989 2795 dativo
1022 2732 1083 2795 τινί

132 2823 313 2884 Pseudarist.
342 2843 373 2884 π.
405 2821 529 2900 κόσμου
561 2829 577 2884 1
607 2846 635 2900 ρ.
661 2827 750 2884 391a
772 2828 822 2886 26.
868 2824 1082 2900 posterioribus

132 2913 316 2988 temporibus
338 2934 397 2973 non
421 2914 551 2974 insoleus
575 2919 627 2974 est.

64 2997 144 3074 ἥδω
168 3003 204 3060 fr.
219 3003 317 3062 XXIX
340 3004 394 3062 col.
410 3003 425 3061 I
442 3007 491 3063 13.
537 3024 595 3063 vox
619 3004 699 3080 apud
722 3005 880 3080 scriptores
909 3005 1082 3079 posterioris

132 3094 241 3150 aetatis
264 3112 324 3151 non
346 3095 505 3166 inusitata,
528 3098 564 3152 ut
587 3094 667 3170 apud
685 3093 867 3169 Musonium,
891 3092 1082 3169 Pseudoplat.

131 3179 306 3255 Axioohum,
316 3183 484 3256 Aelianum,
495 3181 586 3241 Glem.
596 3182 690 3256 Alex,
701 3184 784 3259 alioS,
795 3183 831 3241 cf.
841 3183 888 3240 W.
897 3181 1083 3242 Sehmidium

134 3269 153 3326 1.
169 3287 191 3328 ο.
216 3269 262 3327 III
280 3291 308 3346 p.
328 3274 400 3330 200.
433 3274 509 3331 teste
528 3273 649 3332 Polluce
668 3271 770 3330 11198
795 3271 918 3331 verbum
942 3271 979 3329 ab
1002 3270 1077 3328 Ioni·

131 3358 196 3432 bus,
219 3361 366 3436 imprimis
391 3360 427 3420 ab
451 3362 639 3421 Anacreonte
661 3364 840 3436 usurpatum
863 3364 915 3420 est.

64 3443 254 3522 θνητότης
286 3452 449 3508 mortalitas
482 3453 518 3508 fr.
542 3449 642 3509 LXII]
674 3451 830 3509 eol.IV4
859 3453 889 3508 et
915 3450 951 3507 fr.
971 3447 1083 3506 XXXV

132 3537 186 3594 col.
200 3537 248 3596 III
263 3539 290 3597 3.
338 3539 390 3597 cfr.
413 3538 511 3598 Praef.
534 3561 563 3615 p.
578 3540 701 3598 XXVII.
1135 3562 1144 3567 ·

117 3644 237 3687 Diome
251 3646 437 3691 Orromrrsrr
451 3650 587 3702 fragmenta
601 3651 639 3692 ed.
652 3651 803 3692 william.
941 3643 959 3676 ὓ
