<?xml version="1.0" encoding="UTF-8"?>
<!DOCTYPE html PUBLIC "-//W3C//DTD XHTML 1.0 Transitional//EN"
    "http://www.w3.org/TR/xhtml1/DTD/xhtml1-transitional.dtd">
<html xmlns="http://www.w3.org/1999/xhtml" xml:lang="en" lang="en">
 <head>
  <title>
</title>
<meta http-equiv="Content-Type" content="text/html;charset=utf-8" />
  <meta name='ocr-system' content='tesseract 3.04.00' />
  <meta name='ocr-capabilities' content='ocr_page ocr_carea ocr_par ocr_line ocrx_word'/>
</head>
<body>
  <div class='ocr_page' id='page_1' title='image "./diogenisoenoand00dioggoog_0048.png"; bbox 0 0 2430 3840; ppageno 0'>
   <div class='ocr_carea' id='block_1_1' title="bbox 473 184 703 239">
    <p class='ocr_par' dir='ltr' id='par_1_1' title="bbox 473 184 703 239">
     <span class='ocr_line' id='line_1_1' title="bbox 473 184 703 239; baseline 0.004 -1"><span class='ocrx_word' id='word_1_1' title='bbox 473 184 703 239; x_wconf 85' lang='lat' dir='ltr'>-XLHI—</span> 
     </span>
    </p>
   </div>
   <div class='ocr_carea' id='block_1_2' title="bbox 38 353 1106 3017">
    <p class='ocr_par' dir='ltr' id='par_1_2' title="bbox 38 353 1104 1396">
     <span class='ocr_line' id='line_1_2' title="bbox 96 353 1096 432; baseline -0.002 -18"><span class='ocrx_word' id='word_1_2' title='bbox 96 358 129 414; x_wconf 77' lang='lat'><strong>7.</strong></span> <span class='ocrx_word' id='word_1_3' title='bbox 152 354 283 413; x_wconf 82' lang='lat' dir='ltr'><strong>Neutri</strong></span> <span class='ocrx_word' id='word_1_4' title='bbox 313 357 429 432; x_wconf 83' lang='lat' dir='ltr'><strong>generis</strong></span> <span class='ocrx_word' id='word_1_5' title='bbox 461 353 577 413; x_wconf 89' lang='lat' dir='ltr'><strong>numeri</strong></span> <span class='ocrx_word' id='word_1_6' title='bbox 609 354 735 429; x_wconf 89' lang='lat' dir='ltr'><strong>pluralis</strong></span> <span class='ocrx_word' id='word_1_7' title='bbox 773 354 909 413; x_wconf 80' lang='lat' dir='ltr'><strong>subiecto</strong></span> <span class='ocrx_word' id='word_1_8' title='bbox 936 354 1096 430; x_wconf 77' lang='lat' dir='ltr'><strong>respondet</strong></span> 
     </span>
     <span class='ocr_line' id='line_1_3' title="bbox 152 442 1094 519; baseline -0.002 -16"><span class='ocrx_word' id='word_1_9' title='bbox 152 443 238 503; x_wconf 84' lang='lat' dir='ltr'><strong>verbi</strong></span> <span class='ocrx_word' id='word_1_10' title='bbox 264 463 382 519; x_wconf 88' lang='lat' dir='ltr'><strong>quoque</strong></span> <span class='ocrx_word' id='word_1_11' title='bbox 410 461 550 502; x_wconf 89' lang='lat' dir='ltr'><strong>numerus</strong></span> <span class='ocrx_word' id='word_1_12' title='bbox 577 443 718 519; x_wconf 87' lang='lat' dir='ltr'><strong>pluralis,</strong></span> <span class='ocrx_word' id='word_1_13' title='bbox 745 442 892 518; x_wconf 83' lang='lat' dir='ltr'><strong>siquidem</strong></span> <span class='ocrx_word' id='word_1_14' title='bbox 919 445 998 502; x_wconf 86' lang='lat' dir='ltr'><strong>reete</strong></span> <span class='ocrx_word' id='word_1_15' title='bbox 1026 461 1094 518; x_wconf 92' lang='lat' dir='ltr'><strong>sup-</strong></span> 
     </span>
     <span class='ocr_line' id='line_1_4' title="bbox 38 531 1095 609; baseline -0.003 -17"><span class='ocrx_word' id='word_1_16' title='bbox 38 566 41 571; x_wconf 94' lang='lat'>·</span> <span class='ocrx_word' id='word_1_17' title='bbox 151 533 253 609; x_wconf 90' lang='lat' dir='ltr'><strong>pletur</strong></span> <span class='ocrx_word' id='word_1_18' title='bbox 274 533 310 594; x_wconf 82' lang='lat' dir='ltr'><strong>fr.</strong></span> <span class='ocrx_word' id='word_1_19' title='bbox 330 533 373 590; x_wconf 88' lang='lat' dir='ltr'><strong>IX</strong></span> <span class='ocrx_word' id='word_1_20' title='bbox 385 535 406 605; x_wconf 82' lang='lat'>9</span> <span class='ocrx_word' id='word_1_21' title='bbox 434 535 465 591; x_wconf 90' lang='lat' dir='ltr'><strong>et</strong></span> <span class='ocrx_word' id='word_1_22' title='bbox 487 533 523 591; x_wconf 85' lang='lat' dir='ltr'><strong>fr.</strong></span> <span class='ocrx_word' id='word_1_23' title='bbox 542 531 653 589; x_wconf 88' lang='lat' dir='ltr'>XXXV</span> <span class='ocrx_word' id='word_1_24' title='bbox 682 532 735 590; x_wconf 85' lang='lat' dir='ltr'><strong>eol.</strong></span> <span class='ocrx_word' id='word_1_25' title='bbox 755 531 770 589; x_wconf 94' lang='lat' dir='ltr'>I</span> <span class='ocrx_word' id='word_1_26' title='bbox 790 533 818 593; x_wconf 82' lang='lat'><strong>6.</strong></span> <span class='ocrx_word' id='word_1_27' title='bbox 864 550 935 591; x_wconf 90' lang='lat' dir='ltr'><strong>usus</strong></span> <span class='ocrx_word' id='word_1_28' title='bbox 959 532 1095 590; x_wconf 90' lang='lat' dir='ltr'><strong>Homeri-</strong></span> 
     </span>
     <span class='ocr_line' id='line_1_5' title="bbox 153 621 1104 698; baseline -0.002 -16"><span class='ocrx_word' id='word_1_29' title='bbox 153 640 208 682; x_wconf 86' lang='lat' dir='ltr'><strong>ous</strong></span> <span class='ocrx_word' id='word_1_30' title='bbox 232 626 262 680; x_wconf 86' lang='lat' dir='ltr'><strong>et</strong></span> <span class='ocrx_word' id='word_1_31' title='bbox 280 623 422 698; x_wconf 85' lang='lat' dir='ltr'><strong>vulgaris,</strong></span> <span class='ocrx_word' id='word_1_32' title='bbox 446 623 499 697; x_wconf 90' lang='lat' dir='ltr'><strong>qui</strong></span> <span class='ocrx_word' id='word_1_33' title='bbox 517 624 618 679; x_wconf 83' lang='lat' dir='ltr'><strong>tamen</strong></span> <span class='ocrx_word' id='word_1_34' title='bbox 636 640 696 679; x_wconf 91' lang='lat' dir='ltr'><strong>non</strong></span> <span class='ocrx_word' id='word_1_35' title='bbox 719 640 881 696; x_wconf 81' lang='lat' dir='ltr'><strong>numquam</strong></span> <span class='ocrx_word' id='word_1_36' title='bbox 901 623 992 680; x_wconf 89' lang='lat' dir='ltr'><strong>etiam</strong></span> <span class='ocrx_word' id='word_1_37' title='bbox 1016 621 1104 697; x_wconf 74' lang='lat' dir='ltr'><strong>apudi</strong></span> 
     </span>
     <span class='ocr_line' id='line_1_6' title="bbox 155 710 1096 786; baseline -0.001 -17"><span class='ocrx_word' id='word_1_38' title='bbox 155 711 362 786; x_wconf 75' lang='lat' dir='ltr'><strong>Thucydidem</strong></span> <span class='ocrx_word' id='word_1_39' title='bbox 382 714 413 769; x_wconf 92' lang='lat' dir='ltr'><strong>et</strong></span> <span class='ocrx_word' id='word_1_40' title='bbox 430 710 657 786; x_wconf 76' lang='lat' dir='ltr'><strong>Xenophontem</strong></span> <span class='ocrx_word' id='word_1_41' title='bbox 675 712 835 771; x_wconf 81' lang='lat' dir='ltr'><strong>invenitur.</strong></span> <span class='ocrx_word' id='word_1_42' title='bbox 866 712 899 768; x_wconf 91' lang='lat' dir='ltr'><strong>in</strong></span> <span class='ocrx_word' id='word_1_43' title='bbox 917 711 975 768; x_wconf 88' lang='lat' dir='ltr'><strong>NT</strong></span> <span class='ocrx_word' id='word_1_44' title='bbox 995 713 1096 786; x_wconf 81' lang='lat' dir='ltr'><strong>singu·</strong></span> 
     </span>
     <span class='ocr_line' id='line_1_7' title="bbox 153 799 1096 877; baseline -0.002 -19"><span class='ocrx_word' id='word_1_45' title='bbox 153 801 227 860; x_wconf 83' lang='lat' dir='ltr'><strong>laris</strong></span> <span class='ocrx_word' id='word_1_46' title='bbox 257 803 287 859; x_wconf 89' lang='lat' dir='ltr'><strong>et</strong></span> <span class='ocrx_word' id='word_1_47' title='bbox 314 800 442 877; x_wconf 88' lang='lat' dir='ltr'><strong>pluralis</strong></span> <span class='ocrx_word' id='word_1_48' title='bbox 469 818 609 859; x_wconf 87' lang='lat' dir='ltr'><strong>numerus</strong></span> <span class='ocrx_word' id='word_1_49' title='bbox 637 799 721 859; x_wconf 83' lang='lat' dir='ltr'><strong>vorbi</strong></span> <span class='ocrx_word' id='word_1_50' title='bbox 747 800 952 858; x_wconf 74' lang='lat' dir='ltr'><strong>inconstanter</strong></span> <span class='ocrx_word' id='word_1_51' title='bbox 976 799 1096 858; x_wconf 86' lang='lat' dir='ltr'><strong>variant</strong></span> 
     </span>
     <span class='ocr_line' id='line_1_8' title="bbox 153 888 1095 965; baseline -0.002 -17"><span class='ocrx_word' id='word_1_52' title='bbox 153 893 190 948; x_wconf 94' lang='lat' dir='ltr'><strong>ut</strong></span> <span class='ocrx_word' id='word_1_53' title='bbox 208 889 290 965; x_wconf 88' lang='lat' dir='ltr'><strong>apud</strong></span> <span class='ocrx_word' id='word_1_54' title='bbox 304 889 478 961; x_wconf 86' lang='lat' dir='ltr'><strong>Homerum,</strong></span> <span class='ocrx_word' id='word_1_55' title='bbox 497 889 548 946; x_wconf 83' lang='lat' dir='ltr'><strong>cfr.</strong></span> <span class='ocrx_word' id='word_1_56' title='bbox 567 888 655 951; x_wconf 84' lang='lat' dir='ltr'><strong>Blass</strong></span> <span class='ocrx_word' id='word_1_57' title='bbox 673 889 692 946; x_wconf 92' lang='lat' dir='ltr'><strong>l.</strong></span> <span class='ocrx_word' id='word_1_58' title='bbox 708 907 731 946; x_wconf 89' lang='grc' dir='ltr'>α</span> <span class='ocrx_word' id='word_1_59' title='bbox 747 909 775 963; x_wconf 84' lang='lat' dir='ltr'><strong>p.</strong></span> <span class='ocrx_word' id='word_1_60' title='bbox 792 891 809 946; x_wconf 80' lang='lat'><strong>7</strong></span> <span class='ocrx_word' id='word_1_61' title='bbox 815 891 832 946; x_wconf 83' lang='lat'><strong>7</strong></span> <span class='ocrx_word' id='word_1_62' title='bbox 844 907 900 963; x_wconf 63' lang='grc' dir='ltr'>σιμ,</span> <span class='ocrx_word' id='word_1_63' title='bbox 915 890 958 947; x_wconf 85' lang='lat' dir='ltr'><strong>sio</strong></span> <span class='ocrx_word' id='word_1_64' title='bbox 972 891 1002 946; x_wconf 87' lang='lat' dir='ltr'><strong>et</strong></span> <span class='ocrx_word' id='word_1_65' title='bbox 1017 889 1095 964; x_wconf 91' lang='lat' dir='ltr'><strong>apud</strong></span> 
     </span>
     <span class='ocr_line' id='line_1_9' title="bbox 154 977 1096 1054; baseline -0.001 -17"><span class='ocrx_word' id='word_1_66' title='bbox 154 978 313 1038; x_wconf 87' lang='lat' dir='ltr'><strong>Aristeam.</strong></span> <span class='ocrx_word' id='word_1_67' title='bbox 367 977 477 1054; x_wconf 79' lang='lat' dir='ltr'><strong>papyri</strong></span> <span class='ocrx_word' id='word_1_68' title='bbox 507 997 625 1053; x_wconf 90' lang='lat' dir='ltr'><strong>quoque</strong></span> <span class='ocrx_word' id='word_1_69' title='bbox 653 979 772 1052; x_wconf 88' lang='lat' dir='ltr'><strong>saepius</strong></span> <span class='ocrx_word' id='word_1_70' title='bbox 800 977 948 1052; x_wconf 83' lang='lat' dir='ltr'><strong>pluralem</strong></span> <span class='ocrx_word' id='word_1_71' title='bbox 975 977 1096 1051; x_wconf 89' lang='lat' dir='ltr'><strong>habent,</strong></span> 
     </span>
     <span class='ocr_line' id='line_1_10' title="bbox 153 1060 1096 1146; baseline -0.001 -20"><span class='ocrx_word' id='word_1_72' title='bbox 153 1067 189 1126; x_wconf 89' lang='lat' dir='ltr'><strong>ut</strong></span> <span class='ocrx_word' id='word_1_73' title='bbox 219 1068 291 1144; x_wconf 90' lang='lat' dir='ltr'><strong>Pap.</strong></span> <span class='ocrx_word' id='word_1_74' title='bbox 324 1069 442 1146; x_wconf 78' lang='lat' dir='ltr'><strong>magloa</strong></span> <span class='ocrx_word' id='word_1_75' title='bbox 474 1067 519 1125; x_wconf 88' lang='lat' dir='ltr'><strong>ed.</strong></span> <span class='ocrx_word' id='word_1_76' title='bbox 552 1066 704 1126; x_wconf 84' lang='lat' dir='ltr'><strong>Dieterieh</strong></span> <span class='ocrx_word' id='word_1_77' title='bbox 735 1067 788 1126; x_wconf 87' lang='lat' dir='ltr'><strong>ool.</strong></span> <span class='ocrx_word' id='word_1_78' title='bbox 814 1062 873 1125; x_wconf 86' lang='lat' dir='ltr'><strong>XII</strong></span> <span class='ocrx_word' id='word_1_79' title='bbox 898 1069 915 1125; x_wconf 80' lang='lat'><strong>2</strong></span> <span class='ocrx_word' id='word_1_80' title='bbox 950 1060 1096 1139; x_wconf 80' lang='grc' dir='ltr'>ὀνόματά</span> 
     </span>
     <span class='ocr_line' id='line_1_11' title="bbox 156 1153 1097 1232; baseline -0.003 -16"><span class='ocrx_word' id='word_1_81' title='bbox 156 1153 247 1216; x_wconf 86' lang='grc' dir='ltr'>εἰσιν.</span> <span class='ocrx_word' id='word_1_82' title='bbox 307 1155 388 1232; x_wconf 87' lang='lat' dir='ltr'><strong>apud</strong></span> <span class='ocrx_word' id='word_1_83' title='bbox 423 1155 583 1215; x_wconf 82' lang='lat' dir='ltr'><strong>Atticistas</strong></span> <span class='ocrx_word' id='word_1_84' title='bbox 623 1175 740 1231; x_wconf 91' lang='lat' dir='ltr'><strong>quoque</strong></span> <span class='ocrx_word' id='word_1_85' title='bbox 781 1156 907 1232; x_wconf 89' lang='lat' dir='ltr'><strong>pluralis</strong></span> <span class='ocrx_word' id='word_1_86' title='bbox 945 1156 1097 1215; x_wconf 83' lang='lat' dir='ltr'><strong>invenitur</strong></span> 
     </span>
     <span class='ocr_line' id='line_1_12' title="bbox 154 1238 1095 1327; baseline 0 -23"><span class='ocrx_word' id='word_1_87' title='bbox 154 1238 221 1327; x_wconf 79' lang='lat' dir='ltr'><strong>(afr.</strong></span> <span class='ocrx_word' id='word_1_88' title='bbox 246 1244 431 1306; x_wconf 82' lang='lat' dir='ltr'><strong>Sohrnidium</strong></span> <span class='ocrx_word' id='word_1_89' title='bbox 453 1245 473 1304; x_wconf 90' lang='lat' dir='ltr'><strong>l.</strong></span> <span class='ocrx_word' id='word_1_90' title='bbox 488 1264 511 1304; x_wconf 88' lang='lat' dir='ltr'><strong>e.</strong></span> <span class='ocrx_word' id='word_1_91' title='bbox 531 1244 574 1303; x_wconf 93' lang='lat' dir='ltr'><strong>IV</strong></span> <span class='ocrx_word' id='word_1_92' title='bbox 593 1266 621 1320; x_wconf 92' lang='lat' dir='ltr'><strong>p.</strong></span> <span class='ocrx_word' id='word_1_93' title='bbox 638 1238 726 1325; x_wconf 78' lang='lat'>632),</span> <span class='ocrx_word' id='word_1_94' title='bbox 750 1247 803 1320; x_wconf 87' lang='lat' dir='ltr'><strong>qui</strong></span> <span class='ocrx_word' id='word_1_95' title='bbox 825 1245 913 1304; x_wconf 90' lang='lat' dir='ltr'><strong>hodie</strong></span> <span class='ocrx_word' id='word_1_96' title='bbox 937 1265 955 1302; x_wconf 90' lang='lat' dir='ltr'><strong>a</strong></span> <span class='ocrx_word' id='word_1_97' title='bbox 975 1243 1095 1304; x_wconf 79' lang='lat' dir='ltr'><strong>Graeeis</strong></span> 
     </span>
     <span class='ocr_line' id='line_1_13' title="bbox 152 1335 1036 1396; baseline -0.006 0"><span class='ocrx_word' id='word_1_98' title='bbox 152 1335 233 1396; x_wconf 88' lang='lat' dir='ltr'><strong>solus</strong></span> <span class='ocrx_word' id='word_1_99' title='bbox 257 1335 423 1395; x_wconf 80' lang='lat' dir='ltr'><strong>adhibetur.</strong></span> <span class='ocrx_word' id='word_1_100' title='bbox 1033 1373 1036 1377; x_wconf 87' lang='lat'><em>-</em></span> 
     </span>
    </p>

    <p class='ocr_par' dir='ltr' id='par_1_3' title="bbox 95 1420 1106 3017">
     <span class='ocr_line' id='line_1_14' title="bbox 95 1420 1094 1499; baseline -0.002 -15"><span class='ocrx_word' id='word_1_101' title='bbox 95 1426 129 1484; x_wconf 89' lang='lat'><strong>8.</strong></span> <span class='ocrx_word' id='word_1_102' title='bbox 152 1424 357 1483; x_wconf 84' lang='lat' dir='ltr'><strong>Perfectum</strong></span> <span class='ocrx_word' id='word_1_103' title='bbox 384 1443 438 1499; x_wconf 91' lang='lat' dir='ltr'><strong>pro</strong></span> <span class='ocrx_word' id='word_1_104' title='bbox 467 1426 622 1499; x_wconf 88' lang='lat' dir='ltr'><strong>praesente</strong></span> <span class='ocrx_word' id='word_1_105' title='bbox 649 1423 685 1483; x_wconf 84' lang='lat' dir='ltr'><strong>fr.</strong></span> <span class='ocrx_word' id='word_1_106' title='bbox 704 1421 735 1480; x_wconf 92' lang='lat' dir='ltr'><strong>II</strong></span> <span class='ocrx_word' id='word_1_107' title='bbox 759 1423 813 1482; x_wconf 87' lang='lat' dir='ltr'><strong>eol.</strong></span> <span class='ocrx_word' id='word_1_108' title='bbox 828 1423 856 1479; x_wconf 94' lang='lat' dir='ltr'>V</span> <span class='ocrx_word' id='word_1_109' title='bbox 877 1424 894 1480; x_wconf 84' lang='lat'>9</span> <span class='ocrx_word' id='word_1_110' title='bbox 920 1420 1094 1496; x_wconf 82' lang='grc' dir='ltr'>διαβέβηκε,</span> 
     </span>
     <span class='ocr_line' id='line_1_15' title="bbox 152 1510 1105 1583; baseline -0.003 -10"><span class='ocrx_word' id='word_1_111' title='bbox 152 1515 189 1573; x_wconf 83' lang='lat' dir='ltr'><strong>fr.</strong></span> <span class='ocrx_word' id='word_1_112' title='bbox 208 1512 308 1571; x_wconf 84' lang='lat' dir='ltr'>XXVI</span> <span class='ocrx_word' id='word_1_113' title='bbox 336 1513 390 1572; x_wconf 87' lang='lat' dir='ltr'><strong>eol.</strong></span> <span class='ocrx_word' id='word_1_114' title='bbox 409 1513 425 1571; x_wconf 95' lang='lat' dir='ltr'>I</span> <span class='ocrx_word' id='word_1_115' title='bbox 446 1515 487 1570; x_wconf 91' lang='grc'><strong>14</strong></span> <span class='ocrx_word' id='word_1_116' title='bbox 515 1510 672 1583; x_wconf 88' lang='grc' dir='ltr'>πέπονθε,</span> <span class='ocrx_word' id='word_1_117' title='bbox 701 1513 737 1569; x_wconf 89' lang='lat' dir='ltr'><strong>fr.</strong></span> <span class='ocrx_word' id='word_1_118' title='bbox 756 1511 914 1571; x_wconf 87' lang='lat' dir='ltr'>XXXVIII</span> <span class='ocrx_word' id='word_1_119' title='bbox 938 1512 991 1570; x_wconf 83' lang='lat' dir='ltr'><strong>rol.</strong></span> <span class='ocrx_word' id='word_1_120' title='bbox 1011 1510 1057 1570; x_wconf 91' lang='lat' dir='ltr'><strong>III</strong></span> <span class='ocrx_word' id='word_1_121' title='bbox 1075 1514 1105 1571; x_wconf 63' lang='lat'><strong>92</strong></span> 
     </span>
     <span class='ocr_line' id='line_1_16' title="bbox 154 1596 1094 1677; baseline -0.003 -14"><span class='ocrx_word' id='word_1_122' title='bbox 154 1598 405 1671; x_wconf 78' lang='grc' dir='ltr'>ἀποδεδωκέναι,</span> <span class='ocrx_word' id='word_1_123' title='bbox 426 1621 480 1677; x_wconf 88' lang='lat' dir='ltr'><strong>pro</strong></span> <span class='ocrx_word' id='word_1_124' title='bbox 500 1604 611 1661; x_wconf 87' lang='lat' dir='ltr'><strong>aoristo</strong></span> <span class='ocrx_word' id='word_1_125' title='bbox 629 1600 754 1658; x_wconf 89' lang='lat' dir='ltr'>XXXIX</span> <span class='ocrx_word' id='word_1_126' title='bbox 770 1601 825 1661; x_wconf 88' lang='lat' dir='ltr'><strong>ool.</strong></span> <span class='ocrx_word' id='word_1_127' title='bbox 839 1600 904 1659; x_wconf 81' lang='lat'><strong>117</strong></span> <span class='ocrx_word' id='word_1_128' title='bbox 926 1596 1094 1674; x_wconf 85' lang='grc' dir='ltr'>ἐκπολιορ-</span> 
     </span>
     <span class='ocr_line' id='line_1_17' title="bbox 153 1686 1094 1765; baseline -0.004 -14"><span class='ocrx_word' id='word_1_129' title='bbox 153 1689 308 1765; x_wconf 87' lang='grc' dir='ltr'>κηθέντος</span> <span class='ocrx_word' id='word_1_130' title='bbox 440 1688 491 1749; x_wconf 87' lang='grc' dir='ltr'><strong>καὶ</strong></span> <span class='ocrx_word' id='word_1_131' title='bbox 522 1686 788 1764; x_wconf 88' lang='grc' dir='ltr'>καταβεβηκότος.</span> <span class='ocrx_word' id='word_1_132' title='bbox 833 1690 1002 1749; x_wconf 86' lang='lat' dir='ltr'><strong>infinitivns</strong></span> <span class='ocrx_word' id='word_1_133' title='bbox 1029 1709 1094 1765; x_wconf 87' lang='lat' dir='ltr'><strong>per-</strong></span> 
     </span>
     <span class='ocr_line' id='line_1_18' title="bbox 151 1779 1096 1856; baseline -0.005 -16"><span class='ocrx_word' id='word_1_134' title='bbox 151 1783 227 1841; x_wconf 78' lang='lat' dir='ltr'><strong>fecti</strong></span> <span class='ocrx_word' id='word_1_135' title='bbox 248 1800 303 1856; x_wconf 91' lang='lat' dir='ltr'><strong>pro</strong></span> <span class='ocrx_word' id='word_1_136' title='bbox 327 1780 476 1840; x_wconf 86' lang='lat' dir='ltr'><strong>infinitivo</strong></span> <span class='ocrx_word' id='word_1_137' title='bbox 496 1781 602 1839; x_wconf 89' lang='lat' dir='ltr'><strong>aoristi</strong></span> <span class='ocrx_word' id='word_1_138' title='bbox 619 1779 746 1839; x_wconf 87' lang='lat' dir='ltr'><strong>libenter</strong></span> <span class='ocrx_word' id='word_1_139' title='bbox 763 1780 887 1854; x_wconf 91' lang='lat' dir='ltr'><strong>ponitur</strong></span> <span class='ocrx_word' id='word_1_140' title='bbox 906 1780 997 1838; x_wconf 89' lang='lat' dir='ltr'><strong>etiam</strong></span> <span class='ocrx_word' id='word_1_141' title='bbox 1016 1779 1096 1854; x_wconf 89' lang='lat' dir='ltr'><strong>apud</strong></span> 
     </span>
     <span class='ocr_line' id='line_1_19' title="bbox 151 1866 1094 1944; baseline -0.004 -15"><span class='ocrx_word' id='word_1_142' title='bbox 151 1869 311 1931; x_wconf 84' lang='lat' dir='ltr'><strong>Atticistas</strong></span> <span class='ocrx_word' id='word_1_143' title='bbox 325 1874 393 1944; x_wconf 88' lang='lat' dir='ltr'><strong>post</strong></span> <span class='ocrx_word' id='word_1_144' title='bbox 408 1866 468 1943; x_wconf 85' lang='grc' dir='ltr'><strong>χρή</strong></span> <span class='ocrx_word' id='word_1_145' title='bbox 484 1874 514 1927; x_wconf 89' lang='lat' dir='ltr'><strong>et</strong></span> <span class='ocrx_word' id='word_1_146' title='bbox 528 1870 639 1929; x_wconf 87' lang='lat' dir='ltr'><strong>similia</strong></span> <span class='ocrx_word' id='word_1_147' title='bbox 653 1869 750 1943; x_wconf 86' lang='lat' dir='ltr'><strong>verba,</strong></span> <span class='ocrx_word' id='word_1_148' title='bbox 766 1869 818 1928; x_wconf 83' lang='lat' dir='ltr'><strong>ofr.</strong></span> <span class='ocrx_word' id='word_1_149' title='bbox 834 1867 1020 1928; x_wconf 81' lang='lat' dir='ltr'><strong>Sohrnidium</strong></span> <span class='ocrx_word' id='word_1_150' title='bbox 1035 1868 1055 1927; x_wconf 90' lang='lat' dir='ltr'><strong>l.</strong></span> <span class='ocrx_word' id='word_1_151' title='bbox 1071 1886 1094 1926; x_wconf 87' lang='grc' dir='ltr'><strong>ο.</strong></span> 
     </span>
     <span class='ocr_line' id='line_1_20' title="bbox 152 1958 1094 2034; baseline -0.003 -16"><span class='ocrx_word' id='word_1_152' title='bbox 152 1959 197 2018; x_wconf 93' lang='lat' dir='ltr'><strong>IV</strong></span> <span class='ocrx_word' id='word_1_153' title='bbox 219 1979 247 2034; x_wconf 93' lang='lat' dir='ltr'><strong>p.</strong></span> <span class='ocrx_word' id='word_1_154' title='bbox 264 1961 341 2032; x_wconf 82' lang='grc'>617,</span> <span class='ocrx_word' id='word_1_155' title='bbox 370 1959 421 2017; x_wconf 90' lang='lat' dir='ltr'><strong>sed</strong></span> <span class='ocrx_word' id='word_1_156' title='bbox 445 1961 604 2033; x_wconf 82' lang='lat' dir='ltr'><strong>seriptores</strong></span> <span class='ocrx_word' id='word_1_157' title='bbox 632 1958 770 2034; x_wconf 86' lang='lat' dir='ltr'><strong>vulgares</strong></span> <span class='ocrx_word' id='word_1_158' title='bbox 798 1958 890 2021; x_wconf 86' lang='lat' dir='ltr'><strong>etiarn</strong></span> <span class='ocrx_word' id='word_1_159' title='bbox 913 1958 994 2017; x_wconf 89' lang='lat' dir='ltr'><strong>ultra</strong></span> <span class='ocrx_word' id='word_1_160' title='bbox 1017 1959 1094 2016; x_wconf 86' lang='lat' dir='ltr'><strong>hane</strong></span> 
     </span>
     <span class='ocr_line' id='line_1_21' title="bbox 152 2043 1096 2123; baseline -0.003 -16"><span class='ocrx_word' id='word_1_161' title='bbox 152 2048 315 2108; x_wconf 85' lang='lat' dir='ltr'><strong>formulam</strong></span> <span class='ocrx_word' id='word_1_162' title='bbox 333 2049 466 2123; x_wconf 82' lang='lat' dir='ltr'><strong>perfeeto</strong></span> <span class='ocrx_word' id='word_1_163' title='bbox 486 2047 650 2105; x_wconf 90' lang='lat' dir='ltr'><strong>abutuntur</strong></span> <span class='ocrx_word' id='word_1_164' title='bbox 668 2050 704 2104; x_wconf 91' lang='lat' dir='ltr'><strong>ut</strong></span> <span class='ocrx_word' id='word_1_165' title='bbox 727 2046 861 2107; x_wconf 83' lang='lat' dir='ltr'><strong>Aristeas</strong></span> <span class='ocrx_word' id='word_1_166' title='bbox 886 2066 949 2123; x_wconf 82' lang='lat' dir='ltr'><strong>cap.</strong></span> <span class='ocrx_word' id='word_1_167' title='bbox 966 2048 1004 2104; x_wconf 77' lang='lat'><strong>21</strong></span> <span class='ocrx_word' id='word_1_168' title='bbox 1036 2043 1096 2106; x_wconf 86' lang='grc' dir='ltr'><strong>οὐκ</strong></span> 
     </span>
     <span class='ocr_line' id='line_1_22' title="bbox 153 2132 1106 2211; baseline -0.002 -14"><span class='ocrx_word' id='word_1_169' title='bbox 153 2133 321 2211; x_wconf 84' lang='grc' dir='ltr'>ἄχρηστον</span> <span class='ocrx_word' id='word_1_170' title='bbox 345 2132 452 2210; x_wconf 83' lang='grc' dir='ltr'>οἴομαι</span> <span class='ocrx_word' id='word_1_171' title='bbox 481 2132 769 2209; x_wconf 84' lang='grc' dir='ltr'>κατακεχωρίσθαι,</span> <span class='ocrx_word' id='word_1_172' title='bbox 793 2155 857 2210; x_wconf 85' lang='lat' dir='ltr'><strong>cap.</strong></span> <span class='ocrx_word' id='word_1_173' title='bbox 879 2139 895 2194; x_wconf 93' lang='lat'>1</span> <span class='ocrx_word' id='word_1_174' title='bbox 927 2132 979 2194; x_wconf 88' lang='grc' dir='ltr'>διὰ</span> <span class='ocrx_word' id='word_1_175' title='bbox 998 2132 1036 2194; x_wconf 88' lang='grc' dir='ltr'><strong>τὸ</strong></span> <span class='ocrx_word' id='word_1_176' title='bbox 1056 2133 1106 2195; x_wconf 80' lang='grc' dir='ltr'><strong>σὲ·</strong></span> 
     </span>
     <span class='ocr_line' id='line_1_23' title="bbox 153 2220 1094 2300; baseline -0.005 -15"><span class='ocrx_word' id='word_1_177' title='bbox 153 2223 227 2300; x_wconf 85' lang='grc' dir='ltr'>περὶ</span> <span class='ocrx_word' id='word_1_178' title='bbox 250 2225 376 2287; x_wconf 80' lang='grc' dir='ltr'>πολλοῦ</span> <span class='ocrx_word' id='word_1_179' title='bbox 399 2225 595 2298; x_wconf 87' lang='grc' dir='ltr'>πεποιῆσθαι</span> <span class='ocrx_word' id='word_1_180' title='bbox 619 2220 881 2297; x_wconf 84' lang='grc' dir='ltr'>ὑπομιμνήσκειν,</span> <span class='ocrx_word' id='word_1_181' title='bbox 906 2222 1003 2285; x_wconf 81' lang='lat' dir='ltr'><strong>Greek</strong></span> <span class='ocrx_word' id='word_1_182' title='bbox 1025 2243 1094 2299; x_wconf 88' lang='lat' dir='ltr'><strong>pap.</strong></span> 
     </span>
     <span class='ocr_line' id='line_1_24' title="bbox 153 2311 1094 2390; baseline -0.002 -17"><span class='ocrx_word' id='word_1_183' title='bbox 153 2315 229 2374; x_wconf 86' lang='lat' dir='ltr'><strong>Brit.</strong></span> <span class='ocrx_word' id='word_1_184' title='bbox 260 2315 335 2373; x_wconf 89' lang='lat' dir='ltr'><strong>Mus.</strong></span> <span class='ocrx_word' id='word_1_185' title='bbox 366 2316 381 2372; x_wconf 94' lang='grc' dir='ltr'>Ι</span> <span class='ocrx_word' id='word_1_186' title='bbox 410 2335 439 2390; x_wconf 93' lang='lat' dir='ltr'><strong>p.</strong></span> <span class='ocrx_word' id='word_1_187' title='bbox 463 2317 504 2372; x_wconf 84' lang='lat'><strong>30</strong></span> <span class='ocrx_word' id='word_1_188' title='bbox 549 2312 588 2373; x_wconf 84' lang='grc' dir='ltr'><strong>σὲ</strong></span> <span class='ocrx_word' id='word_1_189' title='bbox 617 2311 653 2373; x_wconf 81' lang='grc' dir='ltr'><strong>δέ</strong></span> <span class='ocrx_word' id='word_1_190' title='bbox 682 2312 780 2386; x_wconf 81' lang='grc' dir='ltr'>μηδὲν</span> <span class='ocrx_word' id='word_1_191' title='bbox 810 2313 1006 2386; x_wconf 86' lang='grc' dir='ltr'>τεθυμῆσθαι</span> <span class='ocrx_word' id='word_1_192' title='bbox 1036 2313 1094 2372; x_wconf 80' lang='grc' dir='ltr'><strong>τοῦ</strong></span> 
     </span>
     <span class='ocr_line' id='line_1_25' title="bbox 153 2398 1095 2478; baseline -0.004 -15"><span class='ocrx_word' id='word_1_193' title='bbox 153 2401 395 2478; x_wconf 87' lang='grc' dir='ltr'>παραγενέσθαι</span> <span class='ocrx_word' id='word_1_194' title='bbox 424 2399 495 2478; x_wconf 81' lang='grc' dir='ltr'>μηδ’</span> <span class='ocrx_word' id='word_1_195' title='bbox 524 2399 757 2478; x_wconf 87' lang='grc' dir='ltr'>ἐνβεβλοφέναι</span> <span class='ocrx_word' id='word_1_196' title='bbox 786 2398 831 2475; x_wconf 90' lang='grc' dir='ltr'><strong>εἰς</strong></span> <span class='ocrx_word' id='word_1_197' title='bbox 855 2400 913 2474; x_wconf 90' lang='grc' dir='ltr'><strong>τὴν</strong></span> <span class='ocrx_word' id='word_1_198' title='bbox 937 2398 1095 2476; x_wconf 84' lang='grc' dir='ltr'>ἡμετέραν</span> 
     </span>
     <span class='ocr_line' id='line_1_26' title="bbox 155 2490 1095 2567; baseline -0.002 -15"><span class='ocrx_word' id='word_1_199' title='bbox 155 2490 357 2567; x_wconf 84' lang='grc' dir='ltr'>περίστασιν.</span> <span class='ocrx_word' id='word_1_200' title='bbox 404 2491 462 2551; x_wconf 81' lang='lat' dir='ltr'><strong>Sed</strong></span> <span class='ocrx_word' id='word_1_201' title='bbox 485 2511 544 2551; x_wconf 92' lang='lat' dir='ltr'><strong>non</strong></span> <span class='ocrx_word' id='word_1_202' title='bbox 569 2492 648 2551; x_wconf 90' lang='lat' dir='ltr'><strong>solus</strong></span> <span class='ocrx_word' id='word_1_203' title='bbox 671 2491 838 2551; x_wconf 81' lang='lat' dir='ltr'><strong>infinitivus</strong></span> <span class='ocrx_word' id='word_1_204' title='bbox 861 2493 906 2550; x_wconf 91' lang='lat' dir='ltr'><strong>ita</strong></span> <span class='ocrx_word' id='word_1_205' title='bbox 929 2491 1095 2564; x_wconf 78' lang='lat' dir='ltr'><strong>adhibetur,</strong></span> 
     </span>
     <span class='ocr_line' id='line_1_27' title="bbox 154 2579 1095 2658; baseline -0.003 -16"><span class='ocrx_word' id='word_1_206' title='bbox 154 2584 206 2642; x_wconf 81' lang='lat' dir='ltr'><strong>afr.</strong></span> <span class='ocrx_word' id='word_1_207' title='bbox 246 2601 324 2658; x_wconf 90' lang='lat' dir='ltr'><strong>quae</strong></span> <span class='ocrx_word' id='word_1_208' title='bbox 361 2582 466 2641; x_wconf 85' lang='lat' dir='ltr'><strong>dieunt</strong></span> <span class='ocrx_word' id='word_1_209' title='bbox 506 2581 640 2641; x_wconf 87' lang='lat' dir='ltr'><strong>Blassius</strong></span> <span class='ocrx_word' id='word_1_210' title='bbox 680 2582 699 2639; x_wconf 95' lang='lat' dir='ltr'><strong>l.</strong></span> <span class='ocrx_word' id='word_1_211' title='bbox 724 2600 747 2640; x_wconf 85' lang='grc' dir='ltr'><strong>ο.</strong></span> <span class='ocrx_word' id='word_1_212' title='bbox 789 2602 818 2657; x_wconf 90' lang='lat' dir='ltr'><strong>p.</strong></span> <span class='ocrx_word' id='word_1_213' title='bbox 844 2581 920 2655; x_wconf 80' lang='lat'>195,</span> <span class='ocrx_word' id='word_1_214' title='bbox 955 2579 1095 2639; x_wconf 87' lang='lat' dir='ltr'><strong>Lehrsius</strong></span> 
     </span>
     <span class='ocr_line' id='line_1_28' title="bbox 154 2669 1095 2746; baseline -0.001 -16"><span class='ocrx_word' id='word_1_215' title='bbox 154 2675 262 2745; x_wconf 76' lang='lat' dir='ltr'><strong>quaest.</strong></span> <span class='ocrx_word' id='word_1_216' title='bbox 296 2674 393 2744; x_wconf 67' lang='lat' dir='ltr'><strong>operae</strong></span> <span class='ocrx_word' id='word_1_217' title='bbox 424 2691 452 2746; x_wconf 90' lang='lat' dir='ltr'><strong>p.</strong></span> <span class='ocrx_word' id='word_1_218' title='bbox 479 2673 518 2728; x_wconf 79' lang='lat'><strong>27</strong></span> <span class='ocrx_word' id='word_1_219' title='bbox 523 2673 541 2729; x_wconf 85' lang='grc'><strong>6</strong></span> <span class='ocrx_word' id='word_1_220' title='bbox 579 2671 779 2729; x_wconf 79' lang='lat' dir='ltr'><strong>Pindursebol.</strong></span> <span class='ocrx_word' id='word_1_221' title='bbox 821 2689 851 2745; x_wconf 91' lang='lat' dir='ltr'><strong>p.</strong></span> <span class='ocrx_word' id='word_1_222' title='bbox 876 2672 932 2742; x_wconf 83' lang='grc'><strong>47,</strong></span> <span class='ocrx_word' id='word_1_223' title='bbox 965 2669 1095 2729; x_wconf 86' lang='lat' dir='ltr'><strong>Dielsius</strong></span> 
     </span>
     <span class='ocr_line' id='line_1_29' title="bbox 153 2758 1095 2835; baseline -0.004 -16"><span class='ocrx_word' id='word_1_224' title='bbox 153 2760 283 2834; x_wconf 72' lang='lat' dir='ltr'><strong>Doeoqr.</strong></span> <span class='ocrx_word' id='word_1_225' title='bbox 313 2761 386 2833; x_wconf 78' lang='lat'>256,</span> <span class='ocrx_word' id='word_1_226' title='bbox 413 2759 562 2835; x_wconf 89' lang='lat' dir='ltr'><strong>imprimis</strong></span> <span class='ocrx_word' id='word_1_227' title='bbox 589 2759 808 2818; x_wconf 79' lang='lat' dir='ltr'><strong>Radermacher</strong></span> <span class='ocrx_word' id='word_1_228' title='bbox 835 2759 874 2817; x_wconf 84' lang='lat' dir='ltr'><strong>sd</strong></span> <span class='ocrx_word' id='word_1_229' title='bbox 901 2758 1031 2818; x_wconf 90' lang='lat' dir='ltr'><strong>Demetr.</strong></span> <span class='ocrx_word' id='word_1_230' title='bbox 1060 2759 1095 2816; x_wconf 92' lang='lat' dir='ltr'><strong>de</strong></span> 
     </span>
     <span class='ocr_line' id='line_1_30' title="bbox 155 2847 1096 2925; baseline -0.001 -18"><span class='ocrx_word' id='word_1_231' title='bbox 155 2851 227 2909; x_wconf 87' lang='lat' dir='ltr'><strong>eloe.</strong></span> <span class='ocrx_word' id='word_1_232' title='bbox 251 2870 280 2925; x_wconf 93' lang='lat' dir='ltr'><strong>p.</strong></span> <span class='ocrx_word' id='word_1_233' title='bbox 296 2850 347 2907; x_wconf 78' lang='lat'><strong>85.</strong></span> <span class='ocrx_word' id='word_1_234' title='bbox 380 2850 531 2924; x_wconf 83' lang='lat' dir='ltr'><strong>exemplar</strong></span> <span class='ocrx_word' id='word_1_235' title='bbox 549 2848 611 2907; x_wconf 92' lang='lat' dir='ltr'><strong>eius</strong></span> <span class='ocrx_word' id='word_1_236' title='bbox 630 2849 765 2907; x_wconf 84' lang='lat' dir='ltr'><strong>luxuriae</strong></span> <span class='ocrx_word' id='word_1_237' title='bbox 783 2847 928 2923; x_wconf 86' lang='lat' dir='ltr'><strong>praebent</strong></span> <span class='ocrx_word' id='word_1_238' title='bbox 946 2848 1096 2906; x_wconf 81' lang='lat' dir='ltr'><strong>Timothei</strong></span> 
     </span>
     <span class='ocr_line' id='line_1_31' title="bbox 156 2929 1094 3017; baseline -0.002 -20"><span class='ocrx_word' id='word_1_239' title='bbox 156 2937 264 2997; x_wconf 84' lang='lat' dir='ltr'><strong>Gazaei</strong></span> <span class='ocrx_word' id='word_1_240' title='bbox 288 2942 426 3013; x_wconf 82' lang='lat' dir='ltr'><strong>excerpta</strong></span> <span class='ocrx_word' id='word_1_241' title='bbox 449 2937 602 2998; x_wconf 80' lang='lat' dir='ltr'><strong>Constant.</strong></span> <span class='ocrx_word' id='word_1_242' title='bbox 627 2938 671 2996; x_wconf 90' lang='lat' dir='ltr'><strong>ed.</strong></span> <span class='ocrx_word' id='word_1_243' title='bbox 692 2936 836 2997; x_wconf 84' lang='lat' dir='ltr'><strong>Lambrus</strong></span> <span class='ocrx_word' id='word_1_244' title='bbox 860 2929 979 3017; x_wconf 83' lang='lat' dir='ltr'><strong>(Suppl.</strong></span> <span class='ocrx_word' id='word_1_245' title='bbox 1003 2937 1094 2996; x_wconf 81' lang='lat' dir='ltr'><strong>Arist.</strong></span> 
     </span>
    </p>
   </div>
   <div class='ocr_carea' id='block_1_3' title="bbox 99 3027 1145 3636">
    <p class='ocr_par' dir='ltr' id='par_1_4' title="bbox 155 3027 573 3109">
     <span class='ocr_line' id='line_1_32' title="bbox 155 3027 573 3109; baseline -0.002 -23"><span class='ocrx_word' id='word_1_246' title='bbox 155 3046 198 3086; x_wconf 86' lang='lat' dir='ltr'><strong>ao.</strong></span> <span class='ocrx_word' id='word_1_247' title='bbox 222 3027 291 3086; x_wconf 90' lang='lat' dir='ltr'><strong>Bor.</strong></span> <span class='ocrx_word' id='word_1_248' title='bbox 315 3027 446 3086; x_wconf 88' lang='lat' dir='ltr'><strong>11Ber.</strong></span> <span class='ocrx_word' id='word_1_249' title='bbox 473 3028 573 3109; x_wconf 80' lang='lat'>1885)</span> 
     </span>
    </p>

    <p class='ocr_par' dir='ltr' id='par_1_5' title="bbox 99 3116 1145 3636">
     <span class='ocr_line' id='line_1_33' title="bbox 99 3116 1095 3191; baseline -0.006 -12"><span class='ocrx_word' id='word_1_250' title='bbox 99 3121 130 3179; x_wconf 82' lang='lat'><strong>9.</strong></span> <span class='ocrx_word' id='word_1_251' title='bbox 155 3117 329 3191; x_wconf 81' lang='lat' dir='ltr'><strong>Tempora</strong></span> <span class='ocrx_word' id='word_1_252' title='bbox 342 3119 505 3176; x_wconf 83' lang='lat' dir='ltr'><strong>miscentur</strong></span> <span class='ocrx_word' id='word_1_253' title='bbox 517 3117 554 3176; x_wconf 86' lang='lat' dir='ltr'><strong>fr.</strong></span> <span class='ocrx_word' id='word_1_254' title='bbox 569 3116 694 3173; x_wconf 90' lang='lat' dir='ltr'>XXXIX</span> <span class='ocrx_word' id='word_1_255' title='bbox 708 3117 763 3175; x_wconf 79' lang='lat' dir='ltr'><strong>eol.</strong></span> <span class='ocrx_word' id='word_1_256' title='bbox 773 3116 832 3174; x_wconf 78' lang='lat'><strong>113</strong></span> <span class='ocrx_word' id='word_1_257' title='bbox 849 3119 880 3174; x_wconf 89' lang='lat' dir='ltr'><strong>et</strong></span> <span class='ocrx_word' id='word_1_258' title='bbox 890 3117 919 3190; x_wconf 87' lang='lat'><strong>8,</strong></span> <span class='ocrx_word' id='word_1_259' title='bbox 933 3118 969 3175; x_wconf 84' lang='lat' dir='ltr'><strong>fr.</strong></span> <span class='ocrx_word' id='word_1_260' title='bbox 984 3116 1095 3175; x_wconf 88' lang='lat' dir='ltr'>XXXV</span> 
     </span>
     <span class='ocr_line' id='line_1_34' title="bbox 155 3204 1093 3281; baseline -0.002 -16"><span class='ocrx_word' id='word_1_261' title='bbox 155 3206 210 3265; x_wconf 87' lang='lat' dir='ltr'><strong>eol.</strong></span> <span class='ocrx_word' id='word_1_262' title='bbox 224 3204 256 3264; x_wconf 93' lang='lat' dir='ltr'><strong>II</strong></span> <span class='ocrx_word' id='word_1_263' title='bbox 276 3207 294 3264; x_wconf 87' lang='grc'><strong>6</strong></span> <span class='ocrx_word' id='word_1_264' title='bbox 315 3210 344 3265; x_wconf 90' lang='lat' dir='ltr'><strong>et</strong></span> <span class='ocrx_word' id='word_1_265' title='bbox 365 3204 391 3264; x_wconf 84' lang='lat'><strong>8.</strong></span> <span class='ocrx_word' id='word_1_266' title='bbox 439 3225 474 3263; x_wconf 88' lang='lat' dir='ltr'><strong>ex</strong></span> <span class='ocrx_word' id='word_1_267' title='bbox 496 3206 555 3264; x_wconf 82' lang='lat' dir='ltr'><strong>NT</strong></span> <span class='ocrx_word' id='word_1_268' title='bbox 579 3209 666 3265; x_wconf 87' lang='lat' dir='ltr'><strong>notat</strong></span> <span class='ocrx_word' id='word_1_269' title='bbox 689 3206 775 3265; x_wconf 88' lang='lat' dir='ltr'><strong>Blass</strong></span> <span class='ocrx_word' id='word_1_270' title='bbox 798 3206 817 3263; x_wconf 95' lang='lat' dir='ltr'><strong>l.</strong></span> <span class='ocrx_word' id='word_1_271' title='bbox 833 3224 856 3264; x_wconf 89' lang='grc' dir='ltr'>α</span> <span class='ocrx_word' id='word_1_272' title='bbox 880 3206 1004 3281; x_wconf 88' lang='lat' dir='ltr'><strong>Apoeal.</strong></span> <span class='ocrx_word' id='word_1_273' title='bbox 1030 3207 1093 3279; x_wconf 79' lang='lat'><strong>5,7</strong></span> 
     </span>
     <span class='ocr_line' id='line_1_35' title="bbox 155 3290 1094 3371; baseline -0.001 -17"><span class='ocrx_word' id='word_1_274' title='bbox 155 3290 232 3368; x_wconf 85' lang='grc' dir='ltr'>ἦλθε</span> <span class='ocrx_word' id='word_1_275' title='bbox 256 3292 308 3354; x_wconf 90' lang='grc' dir='ltr'><strong>καὶ</strong></span> <span class='ocrx_word' id='word_1_276' title='bbox 332 3290 458 3371; x_wconf 78' lang='grc' dir='ltr'>εἴληφε,</span> <span class='ocrx_word' id='word_1_277' title='bbox 484 3293 512 3368; x_wconf 90' lang='grc'>8,</span> <span class='ocrx_word' id='word_1_278' title='bbox 533 3298 565 3370; x_wconf 82' lang='grc'><strong>5,</strong></span> <span class='ocrx_word' id='word_1_279' title='bbox 592 3297 695 3369; x_wconf 83' lang='grc'>7,14,</span> <span class='ocrx_word' id='word_1_280' title='bbox 721 3297 771 3370; x_wconf 88' lang='grc'>19,</span> <span class='ocrx_word' id='word_1_281' title='bbox 792 3297 824 3369; x_wconf 87' lang='grc'><strong>3,</strong></span> <span class='ocrx_word' id='word_1_282' title='bbox 847 3295 954 3353; x_wconf 87' lang='lat' dir='ltr'><strong>Matth.</strong></span> <span class='ocrx_word' id='word_1_283' title='bbox 973 3296 1023 3367; x_wconf 85' lang='grc'><strong>13,</strong></span> <span class='ocrx_word' id='word_1_284' title='bbox 1037 3297 1094 3368; x_wconf 89' lang='grc'>46,</span> 
     </span>
     <span class='ocr_line' id='line_1_36' title="bbox 154 3383 1092 3460; baseline -0.002 -18"><span class='ocrx_word' id='word_1_285' title='bbox 154 3384 222 3442; x_wconf 86' lang='lat' dir='ltr'><strong>Jak.</strong></span> <span class='ocrx_word' id='word_1_286' title='bbox 253 3389 286 3458; x_wconf 89' lang='lat'><strong>1,</strong></span> <span class='ocrx_word' id='word_1_287' title='bbox 308 3386 363 3457; x_wconf 77' lang='lat'><strong>243</strong></span> <span class='ocrx_word' id='word_1_288' title='bbox 394 3385 513 3460; x_wconf 88' lang='lat' dir='ltr'><strong>saepius</strong></span> <span class='ocrx_word' id='word_1_289' title='bbox 541 3387 656 3443; x_wconf 84' lang='lat' dir='ltr'><strong>exstare</strong></span> <span class='ocrx_word' id='word_1_290' title='bbox 684 3383 816 3458; x_wconf 80' lang='lat' dir='ltr'><strong>videtur,</strong></span> <span class='ocrx_word' id='word_1_291' title='bbox 844 3387 879 3441; x_wconf 91' lang='lat' dir='ltr'><strong>ut</strong></span> <span class='ocrx_word' id='word_1_292' title='bbox 906 3383 973 3443; x_wconf 87' lang='lat' dir='ltr'><strong>Joh.</strong></span> <span class='ocrx_word' id='word_1_293' title='bbox 999 3385 1032 3456; x_wconf 90' lang='lat'><strong>3,</strong></span> <span class='ocrx_word' id='word_1_294' title='bbox 1052 3385 1092 3441; x_wconf 81' lang='lat'><strong>32</strong></span> 
     </span>
     <span class='ocr_line' id='line_1_37' title="bbox 156 3469 1132 3549; baseline -0.011 -17"><span class='ocrx_word' id='word_1_295' title='bbox 156 3469 278 3547; x_wconf 82' lang='grc' dir='ltr'>ἑώρακε</span> <span class='ocrx_word' id='word_1_296' title='bbox 302 3471 352 3532; x_wconf 89' lang='grc' dir='ltr'><strong>καὶ</strong></span> <span class='ocrx_word' id='word_1_297' title='bbox 375 3469 505 3545; x_wconf 83' lang='grc' dir='ltr'>ἤκουσε.</span> <span class='ocrx_word' id='word_1_298' title='bbox 538 3473 674 3533; x_wconf 69' lang='lat' dir='ltr'><strong>Aristeas</strong></span> <span class='ocrx_word' id='word_1_299' title='bbox 702 3492 826 3549; x_wconf 59' lang='lat' dir='ltr'><strong>quoque</strong></span> <span class='ocrx_word' id='word_1_300' title='bbox 848 3473 929 3529; x_wconf 61' lang='lat' dir='ltr'><strong>dreit</strong></span> <span class='ocrx_word' id='word_1_301' title='bbox 954 3470 1132 3539; x_wconf 51' lang='lat' dir='ltr'><strong>esum·-</strong></span> 
     </span>
     <span class='ocr_line' id='line_1_38' title="bbox 154 3543 1145 3636; baseline -0.007 -16"><span class='ocrx_word' id='word_1_302' title='bbox 154 3558 370 3636; x_wconf 74' lang='grc' dir='ltr'>ἠσπασάμεθα</span> <span class='ocrx_word' id='word_1_303' title='bbox 395 3610 470 3625; x_wconf 90' lang='grc'><strong>....</strong></span> <span class='ocrx_word' id='word_1_304' title='bbox 496 3561 583 3627; x_wconf 74' lang='grc' dir='ltr'>καὶ...</span> <span class='ocrx_word' id='word_1_305' title='bbox 602 3614 608 3626; x_wconf 93' lang='grc'>.</span> <span class='ocrx_word' id='word_1_306' title='bbox 624 3614 630 3626; x_wconf 90' lang='grc'><strong>.</strong></span> <span class='ocrx_word' id='word_1_307' title='bbox 649 3614 656 3626; x_wconf 91' lang='grc'><strong>.</strong></span> <span class='ocrx_word' id='word_1_308' title='bbox 685 3557 981 3628; x_wconf 58' lang='grc' dir='ltr'>αποδεδδικιιμεν,</span> <span class='ocrx_word' id='word_1_309' title='bbox 1004 3566 1080 3614; x_wconf 55' lang='lat' dir='ltr'><strong>esp.</strong></span> <span class='ocrx_word' id='word_1_310' title='bbox 1098 3543 1145 3593; x_wconf 33' lang='grc' dir='ltr'>ᾖ</span> 
     </span>
    </p>
   </div>
   <div class='ocr_carea' id='block_1_4' title="bbox 0 0 1225 3840">
    <p class='ocr_par' dir='ltr' id='par_1_6' title="bbox 0 0 1225 3840">
     <span class='ocr_line' id='line_1_39' title="bbox 0 0 1225 3840; baseline 0 0"><span class='ocrx_word' id='word_1_311' title='bbox 0 0 1225 3840; x_wconf 95' lang='lat' dir='ltr'><strong> </strong></span> 
     </span>
    </p>
   </div>
  </div>
 </body>
</html>
