2430 3840
497 160 530 167 -
567 127 726 182 mn·-

104 299 206 374 priora
239 316 274 354 ea
307 297 483 355 collocarem
516 315 593 373 qnae
626 297 661 354 de
693 297 838 355 molestiis
876 299 1037 356 senectutis
1071 292 1127 379 (de

104 405 244 446 sensuum
271 386 460 444 hebetatione
488 388 518 444 et
544 385 745 444 membrorum
773 378 931 467 tarditate)
955 386 1062 444 deinde
1088 407 1125 446 ea

105 495 182 550 quae
212 476 248 533 de
278 475 413 533 utilitate
441 477 549 551 agunt,
577 495 667 549 quam
695 493 779 534 senes
807 494 924 551 quoque
950 475 1126 535 hominibus

104 565 208 623 afferre
231 566 354 640 possint.
399 563 473 622 haec
496 567 662 639 sequuntur
683 565 852 640 fragmenta
870 566 993 624 incerta.
1039 565 1126 642 frag·

102 657 236 711 mentum
256 655 275 712 9
295 645 452 733 (LXVIII)
480 655 595 727 autem,
623 652 703 728 quod
734 655 779 710 ita
810 655 930 729 incipit:
953 649 1124 728 Πολλάκις

103 737 222 801 ὠνέοι
256 739 295 815 νὴ
329 739 387 801 τὸν
414 736 577 815 ςΗρακλεά
609 739 660 800 καὶ
692 738 900 814 ἠγανάκτησα
933 741 997 801 κτλ.
1025 745 1126 804 totius

103 832 206 907 scripti
229 831 349 890 initium
372 832 463 889 fuisse
482 832 642 890 verisimile
667 849 729 889 csse
753 831 827 888 mihi
850 831 971 905 quidem
990 830 1123 891 videtur.

170 919 359 997 singularem
381 921 480 979 locum
503 922 629 996 occupat
652 921 687 979 fr.
703 922 722 977 3
738 912 858 999 (LXII).
891 921 1018 997 legimus
1040 924 1124 980 enim

103 1031 131 1069 v.
152 1011 264 1084 3sqq.:
293 1005 508 1083 ἐπιστάμενος
538 1007 573 1068 δὲ
597 1005 753 1083 ἀκρειβῶς
777 1004 826 1068 ὅτι
851 1009 888 1081 τῆ
908 1006 1028 1079 γνώσει
1053 1011 1127 1070 τῶν

103 1093 302 1173 πραγμάτων
327 1093 373 1156 ὧν
394 1095 429 1157 ἐν
448 1098 518 1170 ταῖς
538 1094 689 1156 ὑποκάτω
709 1095 830 1171 χώραις
849 1094 1002 1170 ἐδήλωσα
1020 1110 1122 1172 φυσι-

102 1187 168 1246 κῶν
191 1204 226 1246 τε
250 1182 315 1260 ἅμα
338 1184 389 1246 καὶ
412 1187 662 1260 παθητικῶν...
709 1185 748 1245 ad
779 1190 875 1245 totam
898 1188 993 1263 igitur
1015 1187 1124 1247 inscri-

102 1279 237 1352 ptionem
264 1279 381 1352 spectat
404 1280 434 1334 et
461 1296 550 1352 super
572 1277 704 1352 physicis
728 1279 758 1334 et
781 1276 886 1334 ethicis
909 1277 1028 1351 scriptis
1054 1282 1123 1336 erat

100 1367 287 1441 inscriptum,
310 1369 433 1441 propter
456 1366 647 1424 altitudinem
671 1368 771 1423 antem
795 1361 882 1440 (38‚5
899 1357 959 1445 om)
983 1368 1013 1423 et
1037 1366 1122 1424 litte·

100 1475 202 1514 rarum
229 1455 467 1531 magnitudinem
494 1457 526 1512 in
555 1455 680 1512 cundem
708 1454 844 1530 lapidum
870 1454 1003 1512 ordinem
1027 1458 1122 1530 atque

99 1546 135 1602 fr.
157 1535 588 1622 21-24(LX1H—Lxlv)
616 1544 805 1602 referendum
834 1548 885 1601 est.
932 1543 1034 1618 itaque
1062 1545 1121 1604 hoc

100 1634 310 1710 fragmentum,
334 1652 401 1690 cum
425 1633 527 1690 eadem
550 1634 583 1690 in
607 1632 767 1690 altitudine
787 1633 965 1707 inscriptum
989 1651 1050 1692 esse
1075 1635 1121 1692 vi-

100 1722 206 1781 deatur
233 1725 323 1796 atque
352 1723 497 1796 epistulae
527 1728 557 1779 et
584 1721 648 1779 sola
672 1723 785 1795 scripta
811 1722 951 1780 inferiore
979 1723 1045 1780 loco
1073 1723 1123 1780 in·

100 1811 162 1870 cisa
185 1814 396 1870 commemoret
417 1811 543 1886 physica
561 1813 592 1868 et
610 1811 716 1883 ethica,
739 1829 836 1868 nonne
855 1813 921 1868 tum
939 1812 1120 1886 inscriptum

99 1920 163 1960 esse
185 1900 271 1958 nobis
295 1899 472 1958 credendum
496 1903 549 1973 est,
573 1919 639 1958 cum
658 1899 806 1974 epistulae
830 1901 860 1958 et
883 1902 981 1958 cetera
1004 1902 1121 1975 scripta

98 1989 230 2048 nondum
256 1989 351 2048 incisa
379 1986 484 2046 erant?
534 1990 662 2046 maxime
689 1988 785 2066 igitur
812 1987 918 2064 probo,
947 1989 1026 2064 quod
1055 1991 1119 2049 edi·

98 2080 179 2138 tores
201 2079 400 2137 recentissimi
422 2099 450 2153 p.
467 2079 531 2136 350
555 2079 749 2151 arbitrantur,
773 2078 1014 2138 dissertationem
1038 2098 1121 2154 quae

99 2171 144 2227 cst
170 2167 207 2226 de
235 2170 385 2226 senectute
414 2171 444 2224 et
467 2169 568 2226 omnia
596 2168 656 2225 alia
685 2167 797 2242 scripta
819 2168 982 2225 maioribus
1005 2169 1117 2227 litteris

99 2276 189 2332 quam
212 2258 324 2332 scripta
346 2257 470 2332 physica
494 2261 525 2315 et
548 2257 645 2316 ethica
667 2258 762 2316 incisa
790 2259 858 2332 post
880 2257 953 2315 hacc
971 2257 1119 2333 inscripta

98 2365 174 2420 esse,
197 2350 227 2404 et
254 2347 307 2403 illa
330 2347 530 2420 praefatione,
558 2349 641 2405 ouius
664 2346 721 2404 hoo
743 2346 944 2423 fragmentum
968 2365 1037 2420 pars
1062 2351 1119 2421 est,

98 2455 219 2495 causam
242 2436 380 2494 attulisse
403 2436 579 2510 scriptorem
601 2439 683 2511 puto,
708 2455 760 2493 cur
779 2435 817 2493 ad
835 2435 890 2492 illa
909 2437 1021 2509 scripta
1039 2435 1120 2511 phy-

98 2527 160 2585 sica
183 2527 213 2583 et
237 2524 335 2583 ethica
352 2525 426 2583 haec
444 2543 522 2582 nova
542 2517 700 2605 (epistulas
720 2527 750 2582 et
769 2517 844 2604 alia)
864 2523 993 2581 adderet.
1024 2544 1118 2599 quam

97 2613 134 2672 ob
158 2634 221 2672 rem
244 2614 337 2672 etiam
359 2614 413 2672 illa
436 2615 533 2689 primo
556 2616 694 2671 tractavi.

164 2703 265 2761 Unum
287 2703 344 2761 hoc
368 2721 484 2777 quoque
503 2703 591 2760 liceat
610 2703 684 2760 mihi
704 2721 858 2777 exponere,
883 2699 1030 2776 quomodo
1049 2705 1117 2761 tota

95 2794 253 2868 inscriptio
268 2792 406 2849 ordinata
420 2792 511 2849 fuisse
521 2792 596 2848 mihi
605 2791 750 2851 videatur.
771 2791 806 2849 de
821 2809 856 2848 ea
870 2810 902 2848 re
913 2791 1013 2848 confer
1022 2792 1116 2850 etiam

97 2900 174 2956 quae
198 2881 248 2940 Us.
272 2881 291 2937 l.
307 2899 330 2938 c.
355 2900 382 2955 p.
399 2881 462 2937 418
488 2883 518 2937 et
540 2880 614 2939 Heb.
634 2884 664 2938 et
682 2880 748 2938 Kal.
772 2901 800 2954 p.
822 2881 884 2937 348
910 2879 1046 2938 dixerint.
1081 2902 1116 2938 ex

95 2970 142 3028 his
170 2970 226 3028 hoo
252 2971 380 3026 maxime
408 2969 514 3044 probo,
543 2970 624 3044 quod
646 2971 815 3046 fragmenta
837 2969 975 3026 maximis
1003 2969 1116 3029 litteris

96 3060 209 3133 scripta
224 3059 404 3117 altissimum
417 3060 548 3117 tenuisse
566 3059 665 3116 locum
684 3061 872 3131 censuerunt,
892 3059 989 3115 cetera
1004 3061 1116 3131 autem,

96 3150 123 3207 si
145 3150 227 3206 recta
246 3149 316 3206 sunt
335 3166 411 3222 quae
432 3147 528 3205 adhuc
547 3148 707 3222 disputavi,
725 3148 850 3222 paulum
870 3147 1014 3204 mutanda
1034 3153 1115 3207 sunt.

95 3240 199 3312 itaque
218 3235 388 3295 memineris
407 3237 506 3309 velim,
530 3255 606 3311 quae
626 3255 715 3310 supra
739 3237 774 3294 de
797 3237 931 3311 lapidum
955 3237 1116 3295 altitudine

96 3327 231 3401 dixerim,
245 3328 277 3384 et
291 3326 425 3384 conferas
439 3325 575 3401 lapidum
589 3327 717 3384 formam
732 3325 812 3401 apud
831 3326 959 3384 editores
973 3328 1114 3384 recentis-

96 3417 186 3476 simos
197 3415 353 3491 depictam.
368 3435 415 3475 res
431 3417 510 3472 enim
520 3415 740 3490 simplicissima
750 3417 803 3489 est,
818 3417 844 3473 si
857 3417 998 3492 putamus
1013 3418 1116 3474 omnia

94 3506 262 3582 fragmenta
279 3506 408 3563 56—62
424 3524 470 3564 cm
486 3505 557 3578 alta,
576 3504 667 3562 idest
687 3504 846 3580 epistulam
866 3503 904 3563 ad
917 3503 1115 3579 Antipatrum
