2430 3840
482 149 712 204 ..XXXI-

88 321 163 380 drat.
209 325 244 380 ut
266 324 368 380 tamen
395 322 544 398 integram
568 320 710 398 Diogenis
736 322 897 397 imaginem
921 321 1106 400 effingamus,

87 431 254 470 sermonem
282 429 398 486 quoque
427 411 489 469 eius
517 411 661 484 respicere
689 429 726 467 ne
751 412 938 483 omittamus,
965 411 1103 486 quoniam

88 501 175 560 stilus
199 502 245 560 est
267 500 364 559 home.
411 501 501 574 atque
524 498 699 575 Diogenem,
723 500 860 574 quamvis
882 499 1052 560 Atticorum
1076 505 1106 559 et

86 591 299 648 Atticistarum
326 607 407 646 more
436 583 588 661 πράττειν
615 607 670 662 pro
699 583 861 662 πράσσειν
886 587 981 663 dicat,
1002 593 1104 650 tamen

88 678 238 755 plebeium
261 697 426 736 sermonem
450 679 570 736 omnino
589 695 694 734 exuere
712 697 771 736 non
791 677 922 752 potuisse
946 679 1034 737 facile
1057 698 1104 739 co-

88 769 249 846 gnoscitur.
296 787 363 825 cum
392 769 492 824 autem
520 766 580 825 illis
603 766 786 841 temporibus
815 757 954 847 (exeunte
985 770 1104 827 saeculo

89 847 232 937 secundo)
256 856 392 914 doctrina
416 875 530 928 eorum,
558 857 610 930 qui
633 854 750 914 Atticos
775 858 934 931 scriptores
958 857 1015 915 sibi
1037 857 1103 915 imi-

87 946 195 1005 tandos
218 944 433 1022 proponebant,
459 946 550 1003 talem
573 946 634 1002 iam
659 946 718 1003 vim
742 948 852 1003 nancta
875 946 928 1019 sit,
951 949 986 1004 ut
1008 966 1104 1021 nemo,

88 1039 114 1096 si
137 1034 255 1110 quidem
279 1034 391 1110 scripta
414 1053 468 1092 sua
491 1034 522 1090 in
546 1033 708 1092 multorum
731 1034 872 1092 notitiam
894 1035 1019 1110 perferri
1043 1037 1103 1095 vel-

86 1127 138 1199 let,
161 1123 279 1202 vulgari
304 1142 437 1182 sermone
465 1122 674 1182 inscribendo
698 1125 745 1181 uti
767 1125 874 1199 posset,
898 1123 1008 1182 litteris
1032 1144 1103 1200 quo·

87 1233 145 1290 que
176 1233 244 1273 eum
274 1213 371 1271 minus
402 1213 529 1288 politum
559 1231 621 1271 esse
649 1213 796 1287 videmuS,
825 1231 917 1287 quam
943 1216 1008 1272 tum
1033 1233 1104 1274 usus

84 1302 214 1378 ferebat,
246 1301 277 1360 id
311 1302 389 1377 quod
422 1320 490 1360 cum
517 1301 690 1378 ignorantia
720 1302 783 1359 eius
814 1301 926 1376 optime
957 1305 1102 1380 congruit.

154 1391 252 1461 Quare
275 1410 383 1466 operae
406 1393 536 1467 pretium
562 1409 624 1450 esse
648 1391 767 1449 videtur
789 1391 825 1449 de
849 1391 1016 1450 elocutione
1040 1393 1103 1452 eius

85 1500 183 1560 agere,
206 1483 237 1539 et
259 1499 404 1555 exponere
429 1483 575 1554 quatenus
598 1480 731 1556 vulgaris
755 1482 898 1538 sermonis
922 1482 1009 1556 signa
1031 1501 1103 1556 prae

85 1589 116 1630 se
139 1571 225 1628 ferat.
273 1589 332 1644 qua
354 1571 386 1626 in
408 1589 441 1628 re
463 1571 591 1644 primurn
614 1570 793 1628 monendum
813 1573 866 1645 est,
889 1569 1103 1629 Atticistarum

88 1677 206 1735 quoque
230 1661 342 1733 scripta
364 1677 424 1716 non
447 1659 537 1734 plane
560 1677 659 1717 carere
678 1658 775 1734 plebei
795 1661 939 1718 sermonis
958 1659 1103 1737 vestigiis,

84 1751 120 1806 ut
147 1767 182 1807 ex
209 1747 256 1804 W.
272 1747 416 1806 Schmidii
443 1747 519 1806 libro
547 1746 718 1806 Atticismcs
746 1767 920 1825 cognoscas,
948 1748 1000 1807 ubi
1023 1749 1103 1824 apud

84 1855 325 1913 unumquemque
353 1837 526 1912 scriptorem
554 1837 692 1913 vulgaria
719 1837 866 1895 vocabula
894 1840 1000 1896 notata
1024 1843 1102 1897 sunt.

86 1929 191 2001 itaque
210 1945 413 2002 quaecumque
438 1945 525 1985 voces
544 1927 592 1985 vel
615 1926 756 2002 loquendi
774 1927 888 1986 formae
907 1927 988 2002 apud
1011 1928 1102 2003 scrip-

83 2018 164 2075 tores
200 2015 317 2074 Atticos
354 2035 413 2074 non
450 2017 579 2073 usitatae
607 2015 736 2092 Diogeni
768 2035 834 2074 cum
862 2017 923 2074 illis
951 2017 1101 2076 Atticistis

84 2123 256 2164 communes
285 2108 367 2179 sunt,
392 2108 493 2163 tamen
517 2106 655 2181 vulgares
679 2107 748 2162 sunt
770 2105 937 2179 habendae,
961 2106 987 2163 si
1010 2107 1102 2164 etiam

83 2193 259 2270 inscriptis
283 2193 402 2271 vulgari
426 2213 559 2252 sermone
583 2195 755 2268 compositis
779 2193 981 2252 inveniuntur.
1023 2194 1102 2254 idem

85 2283 121 2341 de
145 2283 298 2342 vocabulis
327 2281 487 2358 „poeticis“
516 2282 694 2340 censendum
718 2285 775 2356 est,
804 2283 839 2341 de
869 2283 975 2357 quibus
1004 2285 1101 2342 confe-

85 2373 192 2431 rantur
215 2391 290 2447 quae
315 2371 449 2448 disputat
472 2371 588 2430 Thumb
614 2371 795 2430 Griccbr'scbc
812 2371 940 2445 Sprccbc
962 2375 1003 2431 c'm
1026 2373 1101 2431 Zeit-

85 2462 159 2520 acer
177 2461 227 2520 des
246 2462 445 2520 Hetlccismus
468 2482 496 2537 p.
517 2463 579 2519 216
592 2479 669 2535 sqq.,
688 2459 836 2536 imprimis
854 2481 883 2536 p.
901 2464 973 2521 224.
1011 2481 1100 2538 quae-

85 2569 211 2626 cumque
251 2552 329 2608 enim
369 2568 455 2610 voces
486 2547 655 2625 „poeticae“
689 2551 870 2625 scriptorum
904 2553 1102 2610 recentiorum

85 2641 176 2699 etiam
203 2641 235 2698 in
263 2639 521 2715 inscriptionibus,
544 2641 681 2716 papyris,
703 2658 780 2698 novo
805 2639 1009 2718 Testamenta,
1033 2641 1101 2700 aliis

84 2729 217 2807 vulgaris
246 2731 390 2788 sermonis
422 2728 600 2787 testimoniis
631 2731 761 2802 exstant,
789 2747 848 2786 non
877 2729 1020 2788 orationis
1053 2750 1101 2788 ex-

84 2818 236 2877 ornandae
261 2836 350 2877 causa
369 2837 384 2876 e
403 2820 510 2893 poetis,
529 2818 580 2876 sed
603 2838 618 2876 e
638 2837 771 2877 sermone
790 2820 860 2877 vivo
878 2818 1004 2878 haustae
1022 2822 1100 2878 sunt.

151 2907 196 2964 De
220 2906 363 2984 Diogenis
390 2907 532 2982 loquendi
555 2925 612 2964 usu
634 2907 732 2965 multa
759 2911 848 2982 atque
870 2908 960 2966 utilia
983 2927 1101 2984 compe-

84 2998 144 3054 sita
168 2999 237 3054 sunt
259 2996 321 3054 iam
344 2996 381 3054 ab
404 2996 560 3071 Heberdey
584 3000 614 3055 et
637 2995 768 3055 Kalinka
792 2996 872 3055 Ball.
887 2998 922 3055 de
935 3015 1007 3056 corr.
1022 2998 1100 3056 Heu.

83 3086 154 3144 XXI
177 3105 205 3159 p.
227 3087 300 3158 427,
329 3085 381 3144 ubi
410 3085 499 3144 etiam
527 3085 663 3143 tabulam
690 3086 805 3144 invenis
829 3086 1000 3161 verborum,
1024 3107 1100 3162 quae

84 3175 122 3234 ob
145 3175 223 3231 hanc
251 3175 299 3232 vel
328 3175 419 3232 aliam
447 3193 568 3233 causam
590 3175 721 3252 insignia
745 3179 821 3234 sunt.
868 3194 922 3234 nos
945 3195 1023 3234 nunc
1046 3177 1100 3234 illa

83 3267 204 3321 tantum
227 3265 400 3337 tractamus,
424 3283 500 3339 quae
523 3264 561 3322 ad
580 3263 731 3339 plebeium
755 3265 817 3323 eius
837 3284 1000 3324 sermonem
1020 3284 1100 3339 spec·

84 3356 160 3412 tant.
199 3371 259 3410 non
282 3355 384 3411 tamen
407 3355 515 3430 omnia,
541 3372 617 3428 quae
635 3354 693 3410 huc
711 3355 871 3428 pertinent,
894 3373 948 3412 nos
971 3357 1101 3412 tractare

82 3441 164 3501 haud
186 3441 359 3518 ignoramus
383 3461 478 3517 neque
501 3444 660 3518 quisquam
682 3441 850 3516 mirabitur,
872 3461 939 3501 cum
963 3444 1002 3502 ad
1024 3444 1101 3502 illud

83 3532 237 3610 negotium
271 3531 358 3606 plene
390 3531 602 3606 perficiendum
633 3532 730 3590 multo
765 3531 973 3606 emptionibus
1003 3529 1126 3581 esaeiae
