2430 3840
489 120 718 174 -XXVI-

96 288 344 367 significationem
368 291 477 347 nancta
501 291 541 348 sit
565 307 738 365 cognoscere
761 289 916 365 possimus.
954 250 1023 365 post
1041 289 1119 366 Epi·

95 398 199 437 curum
227 382 258 436 ct
285 381 354 437 ante
383 377 489 436 Arium
516 377 681 454 Didymum
708 381 738 436 et
764 378 887 437 Artium
915 379 971 437 hoc
997 378 1119 439 factum

95 486 157 526 esse
181 485 298 526 necesse
323 471 375 526 est.
418 487 484 526 cum
504 471 604 526 autem
623 463 914 543 ἀντιλαμβάνεσθαί
932 483 1022 541 τινος
1046 487 1118 543 pro·

94 558 193 632 priam
216 555 326 615 habeat
349 557 597 633 significationem
610 557 819 629 protenderat,
839 555 1041 632 quaerendum
1060 563 1118 632 est,

96 645 244 721 quomodo
269 664 312 719 ea,
337 665 413 721 quae
433 646 566 705 sensibus
584 647 797 722 percipiantur,
810 647 1040 719 protenduntur.
1086 652 1119 706 et

96 735 208 810 optime
232 754 285 794 nos
314 735 437 794 adiuvat
464 736 599 794 doctrina
623 735 789 794 Stoicorum
818 754 895 811 quae
920 736 955 794 de
979 736 1117 797 sensibus

95 824 235 899 traditur,
259 824 377 899 quade
401 845 432 882 re
456 825 589 884 conferas
613 825 703 883 velim
727 844 803 899 quae
823 825 957 899 disputat
979 823 1012 882 L.
1029 824 1117 885 Stoiu

96 913 280 988 Pspolrolopie
303 915 355 971 rico·
377 913 447 972 Stoa
469 914 500 972 H
525 915 587 972 133
599 933 662 989 sqq.
708 932 804 988 neque
828 916 907 971 onim
931 912 1025 972 Stoici
1049 933 1117 974 sen-

96 1021 146 1061 sus
176 1005 221 1062 ita
249 1002 315 1060 fieri
344 1005 465 1079 putant,
493 1006 527 1060 ut
554 1005 671 1062 animus
699 1006 800 1061 noster
831 1005 951 1061 tantum
978 1005 1118 1078 patiatur

97 1092 203 1169 plagas
223 1092 405 1151 extrinsecus
425 1092 483 1150 sibi
500 1093 611 1167 illatas,
631 1091 749 1165 sedita,
767 1095 802 1150 ut
820 1094 884 1167 ipse
904 1111 1021 1167 quoquo
1042 1097 1118 1169 agat

97 1183 213 1239 animus
238 1174 425 1261 (testimonia
443 1181 534 1240 habes
558 1181 638 1256 apud
662 1180 808 1240 Steinium
827 1183 848 1239 l.
862 1201 885 1240 c.
904 1202 933 1257 p.
951 1182 1012 1239 127
1024 1175 1116 1263 squ).

97 1289 156 1345 qua
180 1272 296 1329 actione
320 1271 452 1329 animum
471 1290 517 1330 res
530 1272 710 1343 prehendere
729 1269 822 1329 Stoici
841 1271 952 1329 dicunt.
986 1271 1117 1347 legimus

96 1360 173 1416 onim
195 1359 267 1418 haec
290 1360 370 1436 apud
393 1361 459 1419 Act.
483 1360 563 1419 Plac.
582 1360 626 1418 IV
646 1361 723 1434 8,1:
743 1355 773 1418 οἱ
793 1356 928 1419 Στωικοὶ
952 1355 1116 1433 ὁρίζονται

97 1442 203 1520 οὕτως
231 1446 289 1521 τὴν
313 1444 477 1522 αἴσθησιν
507 1444 657 1522 αἴσθησίς
686 1445 775 1508 ἐστιν
804 1443 973 1523 ἀντίληψις
997 1444 1040 1507 δι’
1067 1446 1115 1509 αἰ-

98 1534 273 1610 σθητηρίου
297 1534 316 1610 ἢ
340 1535 532 1612 κατάληψις,
557 1541 587 1596 et
605 1538 685 1613 apud
703 1537 875 1596 Nemesium
899 1538 935 1596 do
953 1541 1014 1596 nat.
1034 1539 1115 1597 hom.

98 1629 196 1700 capi
223 1622 292 1685 ἔστι
317 1625 352 1685 δὲ
377 1622 527 1700 αἴσθησις
552 1622 722 1700 ἀντίληψις
741 1627 807 1685 τῶν
827 1622 991 1700 αἰσθητῶν
1016 1674 1114 1687 .....

98 1710 144 1773 ἔτι
168 1714 203 1774 δὲ
227 1713 277 1774 καὶ
302 1711 401 1774 οὕτω·
427 1713 561 1790 δύναμιν
585 1716 692 1788 ψυχῆς
719 1711 945 1790 ἀντιληπτικὴν
970 1716 1037 1775 τῶν
1065 1714 1114 1777 αἰ-

97 1803 236 1876 σθητῶν.
261 1807 369 1879 quain
389 1805 560 1864 definitione
580 1804 750 1863 Stoicorum
769 1799 940 1879 ἀντίληψιν
959 1807 1116 1881 propriam

96 1892 204 1951 habore
234 1893 480 1970 significationem
509 1897 647 1969 apparet,
677 1912 743 1951 cum
766 1893 825 1952 nisi
847 1896 892 1952 ita
915 1897 1004 1969 esset,
1028 1896 1115 1955 nulla

97 1984 174 2041 esset
198 1981 344 2057 definitio,
369 1984 419 2042 sed
439 1984 527 2042 facile
546 1984 736 2061 intelligitur,
755 2002 857 2041 vocem
877 1978 1048 2056 ἀντίληψιν
1068 1976 1116 2065 (et

97 2065 390 2146 ἀντιλαμβάνεσθαι
415 2075 445 2130 et
466 2065 706 2153 ἀντιληπτικός)
729 2075 825 2147 ipsam
847 2075 905 2130 vim
928 2074 1115 2148 percipiendi

96 2161 229 2219 nancisci
252 2165 393 2236 potuisse.
440 2162 541 2238 itaque
565 2165 591 2221 si
613 2181 717 2221 revera
740 2181 797 2220 vox
821 2157 1115 2236 ἀντιλαμβάνεσθαι

98 2248 206 2308 Stoicis
235 2251 322 2309 debet
350 2255 411 2310 vim
438 2251 623 2328 percipiendi
645 2285 686 2292 —
711 2255 741 2309 ot
769 2255 848 2309 certo
873 2271 888 2309 e
912 2251 1029 2328 vulgari
1054 2270 1115 2310 ser-

97 2358 184 2396 mone
208 2344 328 2416 sumpta
351 2360 413 2400 esse
436 2362 496 2400 non
518 2342 644 2414 videtur,
668 2360 735 2398 oum
758 2360 776 2398 a
799 2340 993 2415 scriptoribus
1016 2341 1115 2415 philo·

96 2428 198 2503 sophis
226 2430 296 2489 solis
328 2430 505 2489 adhibeatur
529 2463 584 2503 —,
623 2450 710 2505 quam
744 2431 872 2488 maxime
895 2429 1044 2488 reicienda
1067 2434 1115 2489 est

96 2516 198 2592 opinio
231 2537 346 2593 eorum,
380 2522 432 2594 qui
464 2521 633 2597 fragmenta
664 2520 717 2577 illa
750 2519 873 2594 Epicuri
903 2536 965 2576 esse
997 2522 1114 2593 putent.

97 2597 279 2686 (addendum
308 2613 363 2681 est,
394 2609 475 2683 quod
502 2611 592 2666 etiam
621 2608 732 2667 similia
760 2609 851 2667 verba
880 2603 1059 2681 κατάληψις
1083 2612 1115 2667 et

97 2694 332 2770 καταληπτικός
361 2717 379 2754 a
404 2696 511 2756 Stoicis
535 2699 680 2774 originem
704 2697 809 2754 ducere
834 2695 935 2754 Cicero
958 2692 1113 2777 testatur.)

165 2785 366 2859 βαρεῖσθαι
404 2778 454 2867 (fr.
479 2786 575 2843 LXIV
603 2787 657 2845 col.
677 2786 724 2844 III
746 2805 773 2845 ν.
795 2788 813 2844 θ
834 2812 868 2831 =
888 2785 961 2843 Heb.
986 2788 1017 2844 ot
1044 2785 1112 2844 Kal.

95 2873 131 2930 fr.
148 2876 200 2947 24,
223 2894 249 2932 v.
267 2867 301 2955 θ)
324 2876 379 2936 hoc
403 2894 490 2934 sensu
514 2875 680 2933 adhibitum
709 2877 754 2934 est
777 2865 825 2955 (=
843 2871 966 2949 βαρέως
991 2871 1113 2949 φέρειν,

96 2963 176 3037 apud
203 2967 306 3037 poetas
335 2958 544 3045 βαρύνεσθαι)
572 2965 604 3022 in
631 2964 711 3021 LXX
738 2964 830 3022 Exod.
858 2966 889 3036 7,
907 2967 955 3039 14,
980 2964 1011 3022 in
1034 2984 1113 3023 novo

96 3051 287 3110 Testamento
313 3057 340 3111 2.
356 3053 420 3111 Oor.
440 3053 498 3126 La
523 3057 552 3112 et
576 3052 612 3126 V,
627 3057 655 3111 4.
691 3053 728 3110 ab
753 3053 821 3111 aliis
840 3053 1036 3127 scriptoribus
1060 3054 1112 3111 ad·

96 3139 178 3198 ditur
200 3159 247 3199 res
272 3160 330 3216 qua
354 3145 469 3201 animus
498 3146 653 3220 gravatur,
681 3145 716 3200 ut
742 3142 910 3217 exemplum
935 3143 1070 3216 afferam,
1095 3162 1111 3200 ιι

95 3228 256 3288 Plutarcho
275 3231 329 3288 vit.
343 3250 406 3306 par.
421 3251 449 3306 p.
466 3233 563 3290 2731)
583 3227 692 3290 πένθει
713 3227 939 3306 βεβαρημένος.
977 3232 1112 3308 vulgaris

94 3319 190 3394 igitur
212 3318 285 3377 haec
308 3319 486 3395 significatio
506 3320 643 3379 vocabuli
667 3324 719 3379 est.
755 3341 812 3380 vox
835 3323 902 3396 ipsa
927 3321 1036 3396 βαρεῖν
1061 3341 1112 3396 ρο·

95 3407 173 3464 etica
196 3410 248 3480 est,
273 3408 324 3465 cfr.
348 3410 440 3482 praef.
465 3429 529 3485 cap.
544 3409 598 3468 ΙΠ.

162 3491 335 3569 ἐπαίρειν
365 3494 506 3558 ἑαυτόν
534 3490 585 3580 (fr.
605 3497 701 3556 LXIV
729 3500 783 3558 col.
803 3499 818 3556 Ι
841 3518 868 3558 ν.
890 3504 907 3558 θ
930 3526 963 3545 =
982 3499 1056 3557 Heb.
1082 3506 1113 3559 et
