2430 3840
507 142 728 206 ..86-

108 306 207 357 παθιύν
227 306 272 356 καί
291 303 412 365 διάθεσις
429 305 522 368 ψυχῆς
539 303 573 355 τό
593 303 664 354 κατὰ
683 302 769 367 φύσιν
788 300 933 367 helionem
959 299 1007 352 cfr.
1023 298 1056 352 fr.
1073 303 1126 352 470

108 375 178 440 πρὸς
196 376 246 439 μὲν
257 372 334 444 <τό>
352 377 403 440 τῆς
421 377 514 440 ψυχῆς
533 373 679 436 ἀξιόλογον
687 375 815 438 ταραχὴν
830 373 904 426 λύειν
923 373 1006 426 ούόὲν
1021 371 1126 437 ἰσχύειν

108 445 170 499 οὐδ’
188 447 268 509 όπᾱς
285 449 407 508 πλούτος
425 444 572 509 συναχθείς
590 445 619 496 et
629 441 733 496 Wotke
748 442 765 494 l.
782 458 804 496 c.
821 445 891 496 sent.
907 447 939 496 81
956 445 990 497 ού
1000 445 1059 496 λύει
1072 445 1127 509 τὴν

108 521 159 583 τῆς
187 520 280 583 ψυχής
306 518 433 583 ταραχὴν
457 516 523 569 octe
537 515 590 568 τιν’
610 516 757 580 ἀξιόλογον
778 517 920 580 άπογεννᾶ
946 516 1035 581 χαράν
1060 515 1128 568 ούτε

108 591 229 651 πλοῦτος
243 589 377 654 ὑπάρχων
389 589 405 641 ό
417 588 545 650 μέγιστος
559 585 620 640 οὐδ’
637 588 655 652 ἡ
675 587 752 652 παρά
774 592 834 649 τοῖς
855 589 969 650 πολλοῖς
991 589 1056 652 τιμὴ
1081 587 1126 639 καί

107 659 266 725 περίβλεψις
289 658 350 712 οὔτ’
374 660 442 712 άλλο
467 675 494 712 τι
516 662 575 711 τῶν
599 658 675 724 παρὰ
699 659 751 722 τὰς
778 657 953 724 ἀόιορίστονς
981 656 1072 720 αἰτίας
1098 657 1127 710 et

108 729 219 782 Horatii
238 727 304 782 libri
318 729 343 781 Il
363 745 445 782 carm.
461 727 526 781 XVI
544 746 567 780 v.
585 733 670 796 tsqq.
715 794 716 797 Ἴ

178 818 203 854 ι.
219 805 305 867 8sqq.
343 816 378 854 ne
397 799 543 868 epularum
562 799 677 866 quidem
696 801 725 852 et
743 799 859 853 Veneris
881 799 1042 867 voluptates
1062 797 1127 852 bea·

108 874 167 924 tam
195 870 304 925 efficere
332 871 420 925 vitam
447 871 585 939 Epicurus
614 871 696 925 docet
721 886 765 939 ep.
784 869 823 923 HI
850 876 932 935 §132
961 869 1019 940 (Us.
1039 888 1066 939 p.
1082 872 1127 939 64)

108 943 142 996 ού
160 944 214 1009 γὰρ
233 945 315 997 πότοι
334 947 379 997 καί
398 949 486 1007 κῶμοι
506 943 681 1010 συνείροντες
695 943 758 996 οὐδ’
780 945 934 1006 ἀπόλαυσις
952 942 1062 999 παίδων
1081 944 1127 995 καί

107 1019 249 1078 γυναικῶν
268 1014 330 1068 οὐδ’
344 1015 448 1080 ἰχθύων
468 1017 512 1067 καί
530 1019 589 1067 τῶν
609 1016 710 1080 ἄλλων,
730 1015 784 1067 όσα
799 1016 879 1082 φέρει
893 1016 1049 1080 πολυτελὴς
1062 1015 1127 1079 τρά-

107 1088 185 1151 πεΖα,
204 1087 255 1139 τόν
274 1088 346 1152 ἡδύν
364 1091 449 1154 γεννᾷ
466 1085 536 1152 βίον.

180 1173 231 1228 col.
246 1172 292 1226 ΠΙ.
322 1173 352 1226 in
371 1173 529 1242 supplenda
544 1174 674 1228 columna
688 1191 786 1227 ansam
802 1173 939 1243 praebent
958 1175 987 1226 et
1005 1171 1128 1226 lineolae

109 1244 191 1298 initio
211 1261 306 1298 versus
326 1245 511 1313 subscriptae,
536 1245 642 1314 quippe
661 1263 733 1312 quae
752 1246 836 1299 finem
859 1243 1063 1300 sententiarum
1085 1243 1127 1305 in-

109 1315 214 1384 dicent,
234 1319 263 1370 et
282 1316 374 1385 spotia
392 1319 457 1386 post
476 1334 526 1383 μεν
545 1319 579 1386 (v.
596 1319 630 1386 3),
651 1322 720 1383 μεθα
740 1322 773 1384 (ν.
791 1319 830 1386 9),
849 1322 885 1371 6ο
904 1318 939 1385 (ν.
956 1319 999 1384 13)
1019 1314 1127 1369 relicta.

107 1387 203 1441 Etiam
216 1387 321 1442 lineola
335 1389 450 1442 incurva
465 1390 499 1456 (v.
517 1391 560 1457 12)
575 1388 638 1441 usui
653 1391 703 1442 est.
731 1404 823 1456 neque
838 1388 913 1441 enim
928 1387 1013 1456 plene
1028 1385 1128 1439 cadem

107 1459 135 1512 vi
154 1459 344 1514 videturesse
363 1462 448 1528 atque
467 1459 572 1513 lineola
597 1462 682 1526 recta,
707 1459 782 1527 quod
804 1461 908 1528 putant
926 1458 996 1512 Heb.
1017 1460 1047 1511 et
1065 1456 1127 1510 Kal.

108 1531 118 1600 (
140 1533 236 1600 Ι356),
257 1531 280 1584 si
300 1531 391 1585 acrius
411 1531 528 1600 inspicis
543 1533 600 1585 tres
619 1531 683 1585 illos
703 1531 787 1596 locos,
809 1530 912 1598 quibus
932 1530 968 1583 de
994 1529 1129 1583 contextu

108 1547 258 1656 ‹IIiudicari
281 1605 383 1672 potest.
430 1602 500 1669 (frI
524 1602 589 1671 (HK
605 1605 648 1671 69)
673 1602 724 1656 col.
739 1602 772 1668 Π,
792 1609 821 1665 4;
860 1601 893 1655 fr.
908 1600 973 1654 XXI
995 1600 1062 1669 (HK
1082 1602 1127 1669 46)

109 1673 160 1727 col.
175 1673 209 1739 ss,
225 1679 253 1740 93
286 1673 319 1726 fr.
334 1673 411 1726 XXV
434 1673 501 1739 (HK
516 1679 563 1739 66,
586 1676 629 1742 67)
654 1673 705 1727 col.
724 1673 764 1725 IV
788 1675 840 1741 11).
883 1689 949 1726 nam
972 1671 1032 1725 illis
1058 1671 1128 1724 locis

107 1744 150 1797 ita
169 1744 315 1798 adhibitae
333 1747 406 1811 sunt,
433 1746 465 1797 ut
484 1744 567 1797 finem
586 1743 696 1812 periodi
715 1744 881 1798 interiectae
900 1746 929 1797 et
947 1760 1128 1814 progressum

108 1816 242 1869 orationis
266 1815 389 1882 quodam
414 1815 497 1868 modo
520 1815 685 1868 remorantis
710 1815 877 1884 significent,
920 1814 1002 1880 Quod
1030 1832 1128 1882 quam-

108 1902 192 1956 quam
216 1887 337 1939 maxime
360 1885 421 1938 irI
440 1885 507 1955 (HK
523 1888 566 1956 69)
590 1887 720 1955 appetet,
748 1886 798 1939 ubi
821 1903 925 1954 magna
948 1886 1127 1955 parenthesis

108 1957 212 2023 finitur,
232 1961 327 2012 tamen
346 1956 447 2011 ceteris
466 1975 578 2026 quoque
592 1958 661 2011 locis
681 1974 731 2010 nos
750 1957 848 2028 fugere
867 1974 923 2011 non
942 1960 1045 2026 potest,
1065 1957 1129 2024 qui-

107 2028 160 2082 bus
179 2029 289 2083 brevior
307 2031 350 2083 est
368 2028 448 2083 colon
467 2029 646 2084 interiectum
665 2029 708 2100 (fr.
723 2029 788 2082 XXI
807 2029 874 2099 (HK
888 2032 933 2098 46)
953 2030 1057 2096 χαίρειν
1077 2029 1129 2094 μὲν

107 2106 193 2155 πᾶσιν
216 2103 344 2166 λέγοντες
371 2101 495 2166 ἰδιώταις
521 2119 552 2156 τε
580 2106 625 2156 καί
649 2104 828 2169 φιλοσόφοις,
858 2101 885 2154 oi
904 2104 1036 2156 δοκοῦσιν
1051 2143 1057 2154 .
1074 2142 1080 2154 .
1098 2143 1127 2154 ..

108 2173 244 2240 ἀστέρων,
269 2173 415 2238 ἐξάγοντες
433 2175 464 2227 δὲ
484 2177 541 2227 κτλ.
568 2175 596 2226 et
618 2172 651 2225 fr.
667 2171 743 2224 XXV
767 2171 835 2242 (HK
849 2173 948 2243 nelei)
973 2171 1017 2226 col
1031 2170 1078 2236 IV,
1095 2176 1127 2223 11

108 2245 143 2297 ού
158 2246 193 2310 δὴ
209 2284 215 2296 .
232 2286 237 2297 .
254 2286 259 2297 .
276 2285 281 2296 .
296 2250 444 2298 ποιοῦνται
458 2248 511 2311 τὴν
526 2246 668 2312 πρόνοιαν,
684 2249 888 2299 καταλιποῦσαι
899 2284 1128 2299 ...........

107 2316 297 2383 γεγέννηνται,
317 2317 387 2370 ἀλλὰ
402 2359 408 2370 .
425 2360 430 2369 .
449 2317 633 2383 ,πράττουσιΙ
674 2315 714 2368 sic
737 2315 784 2368 hic
808 2331 920 2384 quoque
944 2333 967 2368 v.
985 2321 1017 2367 12
1041 2313 1130 2367 inter-

109 2385 219 2454 positae
239 2386 396 2441 sententiae
414 2386 478 2440 finis
497 2387 646 2441 inchoatur.

180 2475 203 2510 v.
221 2461 253 2509 13
257 2457 271 2529 J
276 2463 309 2511 14
328 2458 369 2510 ita
385 2457 522 2527 supplevi,
542 2460 574 2510 ut
588 2459 621 2512 ir.
632 2457 721 2512 XXIV
740 2458 791 2512 col.
801 2457 841 2511 III
854 2464 906 2512 ν.6
921 2459 976 2511 huc
990 2456 1130 2510 referatur

110 2530 198 2594 μόνον
218 2528 243 2582 δ’
261 2531 341 2596 ἀξιῶ,
362 2532 401 2594 ώς
419 2533 465 2584 καί
484 2532 611 2598 ἔνανχος,
632 2534 689 2584 κτλ.

182 2634 327 2690 rnxxlv
348 2634 399 2689 col.
414 2635 428 2688 I
446 2654 470 2690 v.
487 2642 501 2690 1
521 2636 640 2690 fortasse
660 2637 694 2691 de
713 2636 819 2690 talibus
834 2635 996 2691 hominibus
1016 2633 1129 2688 locutus

108 2708 170 2759 erat
197 2707 329 2776 scriptor,
358 2706 407 2776 qui
434 2726 508 2762 nunc
536 2709 650 2776 quidem
679 2709 891 2762 contemnerent
917 2705 1129 2776 philosophiam

108 2777 232 2846 Epicuri,
258 2794 323 2832 mox
348 2781 442 2833 autem
467 2780 636 2848 procedente
661 2782 787 2849 tempore
813 2780 850 2832 ad
875 2778 955 2832 illam
980 2777 1130 2830 transituri

110 2851 205 2902 essent
224 2849 261 2917 (ol
280 2851 376 2917 χρόνοι
396 2853 521 2920 [αύτούς]
540 2853 789 2920 παραστήσονται).

143 2990 152 3042 l
177 2938 203 3043 H
220 2925 235 2973 ὅ
255 2922 325 2975 οίκοι
345 2925 537 2991 καθημένους]
576 2923 652 2976 senio
673 2924 747 2977 enim
767 2921 910 2976 confectus
930 2921 973 2973 est
992 2919 1041 2974 cfr.
1056 2919 1090 2972 fr.
1104 2918 1131 2971 Π

107 3008 161 3044 co.
222 3010 246 3044 v.
263 2998 344 3060 lsqq.

183 3081 206 3117 v.
224 3069 238 3116 ‘l
258 3063 308 3116 cfr.
322 3063 396 3117 fr.H
415 3064 458 3117 col
472 3063 511 3117 VI
529 3083 545 3116 v
571 3072 593 3118 1.

180 3152 205 3187 r.
220 3140 236 3188 8
257 3139 293 3202 μὴ
308 3140 393 3189 πᾶσιν
407 3142 466 3200 τοῖς
486 3138 608 3191 ἐνταῦθα
628 3139 719 3205 οὖσιν]
738 3140 806 3201 τοὺς
820 3136 1017 3203 εύσννκρίτονς
1035 3136 1131 3188 αὐτῶν

107 3203 243 3258 adiuvare
267 3223 296 3259 se
320 3205 391 3260 velle
416 3206 486 3260 dicit
508 3207 541 3260 fr.
557 3207 570 3259 I
594 3208 645 3262 col.
660 3207 686 3261 Π
712 3214 745 3260 14
764 3207 823 3277 (cfr.
838 3205 872 3259 fr.
886 3205 912 3258 H
932 3205 983 3259 col.
999 3205 1038 3258 lII
1055 3222 1080 3258 v.
1096 3208 1132 3274 4).

182 3294 208 3330 ν.
225 3283 257 3330 12
267 3294 327 3344 sqq.
347 3277 396 3330 cfr.
410 3277 443 3330 fr.
458 3278 483 3330 Η
503 3279 554 3332 col.
570 3279 595 3331 V
613 3297 638 3332 v.
654 3284 671 3331 4
690 3281 719 3332 et
737 3278 770 3332 fr.
790 3277 864 3331 LXII
882 3295 906 3331 r.
924 3283 947 3331 1.

179 3365 232 3418 col.
242 3365 268 3418 Π
287 3384 310 3419 v.
322 3371 407 3419 3-11
428 3366 482 3420 hoc
497 3366 609 3435 Cynicis
624 3370 653 3421 et
668 3367 769 3422 Stoicis
788 3367 906 3437 placuit.
944 3366 994 3426 cfr.
1010 3364 1130 3434 exempli

109 3452 197 3489 causa
216 3437 378 3491 Musonium
402 3456 428 3505 p.
445 3443 518 3503 42,1
539 3439 582 3492 cd.
602 3438 708 3493 Hense:
745 3441 772 3494 τί
795 3441 820 3494 δ’
843 3441 906 3506 ούχί
934 3441 1013 3505 κοινὴ
1036 3440 1137 3504 πατρίς

92 3505 261 3565 ἀνθρώπων
278 3509 421 3563 ἁπάντων
438 3511 455 3563 ό
476 3511 582 3579 κόσμος
596 3511 673 3567 ἐστίν
692 3514 789 3583 ὥσπερ
801 3512 881 3579 stilos
902 3511 1063 3577 Σωκράτης
1082 3506 1133 3560 ubi
