2430 3840
506 175 723 240 -82.„

105 338 160 389 tur.
197 335 268 388 mihi
291 335 411 388 maxime
434 333 574 402 placuerit
597 333 721 399 πίνακες,
746 333 763 385 i.
785 350 807 385 e.
828 332 942 386 tabulae
967 332 1024 385 sive
1048 334 1128 385 cata-

106 407 174 476 logi,
194 407 224 460 in
243 406 346 474 quibus
365 404 502 460 voeabula
521 404 717 458 inscribantur.

171 514 219 570 Tr.
234 514 281 567 XI
300 532 324 567 v.
342 520 355 566 1
375 530 442 566 aare
455 512 527 581 qaod
540 513 579 566 cd
593 513 698 566 litteras
712 514 818 578 attinet,
837 513 919 566 etiam
933 512 1043 565 ceribus
1058 527 1130 578 opus

107 593 175 653 erat,
193 593 225 640 ot
243 589 322 640 iussa
340 585 458 651 collectio
477 601 572 638 earam
590 585 672 651 fieret.

178 693 220 747 fr.
235 692 299 745 Xll
318 691 517 746 col.Iv.1—3
542 689 591 744 cfr.
602 690 757 744 Philodem.
785 693 848 758 περὶ
872 691 1013 758 εὐσεβείας
1030 707 1058 757 p.
1075 694 1129 742 144

108 763 478 832 (ἔσπαρται-κατατρέχειν
487 764 549 816 τινά
555 763 683 830 persequi
691 764 809 829 aliquem
819 759 1126 829 cfr.Praef.p.XXXIV.

108 835 145 889 ad
164 841 214 889 v.7
231 833 279 887 csr.
294 834 345 903 Ep.
361 851 404 901 ep.
419 833 458 886 Ill
474 838 523 886 123
548 835 650 899 ἀσεβὴς
674 835 704 887 δέ
728 835 781 899 οὐχ
804 835 820 886 ὁ
839 836 907 898 τοὺς
929 839 988 887 τῶν
1013 836 1129 886 πολλῶν

107 909 190 971 θεοὺς
209 907 341 973 ἀναιρῶν,
363 905 423 958 ἀλλ’
441 907 456 958 ὁ
475 907 526 969 τὰς
543 910 601 958 τῶν
620 909 733 959 πολλῶν
753 908 835 969 δόξας
853 909 927 969 θεοῖς
945 905 1128 971 προσάπτων.

180 975 231 1030 col.
246 976 272 1029 II
290 994 314 1029 v.
330 976 430 1046 8sqq.]
449 976 486 1028 ad
503 992 563 1029 rem
582 975 631 1028 cfr.
646 975 725 1028 Diels
741 977 864 1030 Vorsoler.
879 993 906 1043 p.
918 981 979 1038 519,
990 980 1031 1027 33.
1061 975 1128 1028 Pro·

107 1051 224 1117 tagorae
234 1065 287 1101 vox
297 1052 359 1115 περὶ
370 1050 419 1114 μὲν
429 1053 502 1102 θεῶν
513 1049 564 1101 οιίκ
574 1049 630 1113 ἔχω
641 1047 743 1102 εἰδέναι
753 1048 815 1102 οὐθ’
824 1050 863 1112 ὡς
872 1047 940 1100 εἰσὶν
951 1047 1013 1101 οὐθ’
1023 1049 1061 1110 ὡς
1076 1048 1131 1100 οὐκ

109 1120 177 1174 εἰσὶν
196 1119 259 1173 oao’
272 1120 365 1173 troici
382 1137 455 1183 τινες
472 1119 561 1183 ἰδέαν;
581 1120 631 1172 sed
650 1119 737 1172 etiam
756 1117 786 1171 in
804 1118 960 1171 breviorem
978 1117 1130 1170 formulam

107 1191 224 1245 redacta
242 1190 284 1243 ita
302 1189 477 1255 tradebatur,
505 1193 537 1243 ut
558 1190 675 1244 tertium
693 1189 849 1244 sententiae
867 1190 1025 1243 membrum
1045 1188 1129 1242 omit-

107 1264 221 1315 teretur.
260 1261 309 1316 cfr.
324 1261 403 1315 Diels
421 1261 439 1314 l.
460 1279 482 1316 c.
502 1279 529 1329 p.
545 1266 605 1328 513,
616 1267 650 1315 62
670 1264 699 1316 et
716 1280 744 1330 p.
759 1267 820 1328 516,
832 1267 865 1314 32
876 1278 936 1328 sqq.
973 1259 1053 1313 Hanc
1072 1259 1130 1313 for·

108 1333 299 1456 mammetiam
325 1333 466 1403 Diogenes
493 1333 612 1401 praebet
640 1338 678 1403 (v.
704 1339 718 1386 9
724 1333 738 1405 i
745 1338 777 1386 10
807 1334 835 1386 et
862 1350 886 1386 v.
912 1337 946 1386 14
973 1349 1063 1398 usque
1091 1332 1131 1384 ad

111 1422 162 1458 co.
236 1423 260 1457 ν.
277 1410 311 1457 1.

181 1475 232 1529 col.
247 1409 368 1529 Hl>eum
387 1491 482 1528 revera
496 1474 665 1544 Protagoras
684 1474 772 1543 priori
792 1474 949 1528 sententiae
964 1473 1132 1542 opposuerit

110 1547 207 1612 aliam,
237 1564 322 1615 quam
346 1547 465 1614 scriptor
487 1545 553 1598 inde
578 1563 595 1599 a
613 1545 665 1600 eol.
680 1546 706 1598 Π
724 1565 748 1599 v.
765 1546 887 1599 14-col.
903 1545 942 1598 111
959 1563 984 1598 v.
1001 1552 1015 1596 1
1037 1544 1129 1612 affert,

109 1635 166 1672 non
184 1621 303 1688 possunt
321 1623 399 1671 recta
418 1635 477 1670 esse
496 1635 568 1684 quae
582 1617 636 1670 HK
655 1617 794 1670 dederunt
812 1617 1017 1685 supplementa.
1048 1632 1131 1685 prae·

109 1693 187 1743 terea
215 1690 340 1758 spatium
362 1691 427 1757 post
450 1691 592 1742 ἐπαύσατο
615 1707 639 1740 v.
656 1694 688 1741 11
713 1688 796 1741 finem
820 1689 977 1742 sententiae
1002 1687 1132 1740 indicare

109 1761 229 1814 videtur.
267 1761 363 1828 itaque
392 1761 433 1813 ita
460 1759 601 1827 supplevi,
629 1762 662 1812 ut
689 1759 874 1827 posteriorem
898 1759 1068 1813 sententiam
1092 1758 1129 1812 ob

111 1849 172 1887 eam
192 1850 306 1886 causam
324 1833 436 1885 tantum
454 1830 598 1883 addidisse
619 1831 800 1899 Protagoram
819 1831 1020 1896 ostenderetur,
1044 1832 1077 1884 ut
1095 1833 1132 1885 τὸ

110 1905 185 1958 λείαν
213 1904 312 1970 ἰταμὸν
339 1902 441 1972 prioris
469 1902 626 1955 sententiae
653 1901 756 1955 vitaret
783 1902 843 1972 (cfr.
863 1901 914 1955 col.
939 1902 965 1955 H
990 1920 1014 1955 v.
1040 1904 1131 1971 6—8),

109 1976 413 2116 pgprerpopuplerp-egpm
436 1973 553 2027 eandem
577 1976 663 2040 atque
685 1973 840 2043 Diagoram
863 1973 1033 2028 sententiam
1056 1972 1133 2027 ferre

182 2135 207 2170 v.
222 2125 237 2170 2
258 2119 390 2184 ἐγχειρεῖν
409 2133 473 2170 cum
491 2115 651 2170 accusativo
671 2116 719 2170 cfr.
735 2116 825 2175 Praef,
844 2134 871 2184 p.
886 2115 968 2170 XLII.

182 2223 223 2278 fr.
238 2223 293 2278 XV
313 2222 364 2277 eol.
379 2222 405 2275 Π
427 2228 483 2276 ν.6
512 2225 557 2278 διὰ
581 2227 706 2290 σπουδῆς
725 2226 792 2292 ἔχω]
817 2225 852 2276 ad
872 2223 986 2277 dicendi
1009 2222 1131 2276 formam

114 2293 283 2349 conferenda
302 2297 367 2348 sunt
385 2293 465 2362 talia,
484 2293 580 2362 qualia
598 2297 664 2348 sunt
682 2298 727 2350 διὰ
746 2297 856 2362 μνήμης
874 2297 955 2362 ἔχειν,
982 2296 1026 2349 διὰ
1049 2299 1133 2361 τιμῆς

112 2369 193 2434 ἔχειν,
214 2366 262 2418 cfr.
280 2365 393 2420 Sextum
410 2365 508 2434 Pyrrh.
524 2366 536 2419 1
552 2371 611 2432 106,
623 2370 656 2418 28
675 2370 753 2421 παισὶ
772 2373 889 2435 σφαῖραι
908 2370 952 2420 καὶ
970 2369 1067 2433 τροχοὶ
1086 2367 1135 2419 διὰ

114 2440 241 2562 omnini
258 2437 353 2563 {iiiia
369 2550 446 2563 .....
458 2512 509 2575 τῆς
528 2510 677 2576 ἐπιστολῆς
694 2511 810 2576 ταύτης]
835 2507 1000 2578 intellegere
1019 2507 1134 2563 videtur

112 2582 184 2634 hanc
204 2579 342 2662 epistulae
361 2581 482 2649 partem,
501 2597 573 2648 quae
592 2580 779 2648 disputationi
795 2585 859 2648 περὶ
875 2581 999 2647 ἀπειρίας
1017 2581 1136 2645 κόσμων

115 2652 267 2776 anteiidlli'
286 2721 380 2775 iamne
399 2721 541 2790 profectus
561 2723 603 2775 est
621 2720 770 2791 Diogenes,
789 2724 822 2775 ut
841 2722 945 2776 amicos
963 2721 994 2774 in
1013 2721 1135 2775 Graecia

113 2794 276 2848 habitantes
295 2793 405 2847 adiret?
433 2794 492 2864 (cfr.
512 2812 536 2846 v,
552 2797 576 2859 5,
592 2795 627 2863 6,)
665 2792 719 2846 Sed
739 2793 788 2847 cfr.
803 2793 836 2850 fr.
852 2793 934 2847 LXV.

186 2902 227 2956 fr.
242 2901 315 2955 XVI
341 2900 395 2954 hoe
421 2900 611 2970 fragmentum
639 2917 688 2954 cur
716 2901 855 2970 epistulae
884 2901 920 2954 ad
948 2900 1135 2968 Antipatrum

115 2973 199 3026 datae
217 2973 368 3044 insererem
387 2972 446 3025 dixi
464 2971 554 3026 Praei.
573 2991 601 3041 p.
616 2972 649 3026 X.

187 3042 266 3096 coll
284 3061 308 3095 v.
325 3049 408 3111 3sqq.
433 3046 468 3096 de
486 3061 557 3097 vano
580 3046 658 3097 metu
681 3059 835 3112 poenarum
859 3043 935 3110 apud
954 3041 1057 3096 inferos
1077 3042 1134 3096 sol-

115 3115 267 3169 vendarum
294 3115 343 3168 cfr.
362 3114 410 3167 Us.
429 3115 462 3168 fr.
478 3120 528 3168 341
550 3116 578 3167 et
602 3114 664 3168 Sen.
685 3132 728 3182 ep.
749 3119 840 3179 24,18
859 3121 1069 3168 mensuratam
1088 3116 1132 3167 ia-

116 3194 193 3257 eptes
220 3193 253 3241 at
275 3187 444 3254 Epicuream
471 3186 637 3240 cantilenam
664 3187 713 3240 hoc
741 3187 797 3240 loco
820 3192 1019 3255 perredderet
1042 3187 1134 3240 dicam

116 3274 202 3312 caeos
220 3275 274 3311 esse
293 3259 444 3324 inferorum
462 3263 561 3324 metas,
579 3274 628 3312 aec
646 3258 773 3312 Ixionem
797 3263 859 3313 reia
877 3258 948 3311 ooleri
966 3273 1015 3311 aee
1032 3274 1135 3312 sacam

116 3331 216 3383 ameris
235 3329 347 3398 Sisyphi
370 3330 448 3382 tradi
470 3331 501 3382 ic
524 3330 668 3383 adeersum
691 3346 739 3382 aee
756 3329 843 3384 ullius
860 3331 964 3384 viscera
982 3334 1007 3382 et
1025 3330 1135 3383 renosci

112 3417 191 3470 posse
210 3401 307 3455 cotidie
325 3407 351 3454 et
368 3402 454 3469 carpi.
492 3400 540 3454 cfr.
555 3399 633 3453 Lact.
649 3399 783 3454 diuinet.
799 3401 837 3453 ΠΙ
848 3406 889 3468 17,
900 3405 933 3452 42
953 3402 983 3454 et
997 3399 1047 3453 VH
1063 3406 1087 3466 ἵ,
1099 3405 1133 3453 13

116 3472 203 3539 (apud
221 3470 268 3524 Us.
288 3470 305 3524 l.
327 3473 368 3540 c).
406 3471 436 3524 in
458 3472 618 3525 universum
642 3473 737 3525 autem
761 3473 796 3524 de
820 3473 1024 3526 contemnenda
1042 3474 1136 3525 morte

98 3540 239 3604 inprimis
256 3542 306 3594 eri,
326 3542 380 3611 Ep.
402 3559 446 3612 ep.
466 3543 506 3596 ΠΙ
522 3549 574 3598 124
584 3560 644 3612 sqq.
664 3545 694 3597 et
711 3562 771 3612 κιιρ.
786 3545 842 3599 ddi.
861 3543 894 3597 ΙΙ.
