2430 3840
488 131 706 185 ..XXV-

87 304 298 362 secernendum
327 321 388 362 esse
416 302 617 375 ostenderent,
645 303 746 360 tamen
778 301 896 376 reliqua
927 289 1102 378 argumenta

88 394 160 451 satis
188 392 295 450 idonea
323 411 385 451 esse
414 393 595 468 putaverunt
623 390 661 448 ad
685 391 830 466 originem
853 390 1032 465 Epicuream
1055 391 1102 448 de

86 480 319 540 monstrandam.

156 569 214 629 Sed
236 589 297 629 non
325 571 398 629 satis
426 572 472 628 est
495 588 638 644 exponere
664 589 722 627 non
746 569 874 627 multum
897 569 997 627 valere
1017 589 1102 645 argu·

87 661 190 719 menta
218 678 294 734 quae
321 662 542 735 proponuntur,
570 677 637 716 cum
664 660 764 716 tamen
793 658 903 732 aliquis
932 659 1006 717 satis
1033 657 1104 716 fidei

88 749 215 807 fortasse
247 749 362 806 tribuat
394 751 424 806 et
457 747 646 806 similitudini
679 748 722 805 rei
755 750 785 805 et
818 745 948 805 Cleontis
981 749 1103 806 nomini

89 839 193 913 itaque
217 856 232 895 e
255 839 405 896 contrario
428 836 550 912 probari
568 836 693 894 fortasse
717 839 816 911 potest
834 836 871 894 ab
891 836 1019 912 Epicuro
1040 838 1103 910 qui-

90 927 158 985 dem
181 926 339 1002 epistulam
362 926 452 984 scribi
474 945 534 984 non
557 926 696 1000 potuisse.
730 925 809 1001 quod
828 925 990 984 certissime
1009 927 1106 984 evinci

91 1034 177 1091 posse
201 1017 275 1091 puto
295 1033 427 1096 sermone
445 1015 534 1072 huius
554 1015 707 1090 epistulae
724 1034 790 1073 cum
809 1014 933 1090 Epicuri
951 1033 1027 1090 quae
1047 1033 1105 1073 ser-

90 1108 161 1163 vata
184 1107 254 1162 sunt
277 1104 395 1179 scriptis
419 1104 536 1162 collato.
579 1123 669 1178 quam
692 1105 896 1178 quaestionem
915 1106 959 1161 ita
977 1104 1104 1173 institui,

90 1200 125 1252 ut
154 1194 283 1268 primurn
314 1192 470 1251 verborum
501 1195 532 1250 in
563 1192 688 1268 Epicuri
722 1194 840 1268 scriptis
871 1196 901 1250 et
929 1193 1106 1269 fragmentis

89 1282 270 1341 traditorum
292 1281 421 1341 indicem
444 1283 669 1357 composuerim,
693 1281 798 1340 deinde
816 1281 951 1356 viderim,
975 1301 1051 1357 quae
1074 1281 1106 1338 in

89 1373 146 1430 hac
174 1372 303 1447 epistula
337 1373 454 1430 exstant
481 1370 571 1430 verba
601 1374 703 1428 utrum
731 1370 768 1427 ab
797 1371 928 1446 Epicuro
961 1372 1106 1446 usurpata

90 1464 152 1520 sint
174 1479 275 1533 necne,
298 1463 363 1518 turn
382 1479 430 1535 oa,
445 1460 552 1536 quibus
571 1460 623 1518 ille
641 1479 701 1518 non
719 1461 825 1534 utitur,
844 1460 924 1534 apud
943 1478 1016 1534 quos
1036 1462 1105 1518 scri-

90 1554 191 1625 ptores
221 1553 252 1608 et
279 1569 338 1624 qua
367 1552 465 1608 aetate
489 1551 681 1607 inveniantur
706 1549 924 1623 exquisiverim,
949 1550 1107 1625 praecipue

92 1642 203 1712 autem,
226 1641 328 1696 utrum
351 1640 475 1715 Epicuri
497 1638 680 1714 temporibus
699 1640 761 1696 iam
779 1639 891 1698 usitata
910 1639 1023 1696 fuerint
1041 1656 1106 1696 nec·

91 1748 136 1785 ne.
182 1746 347 1803 proponam
375 1727 470 1806 igitur
495 1727 623 1786 indicem
651 1747 753 1786 eorum
777 1727 947 1800 verborum,
971 1746 1046 1802 quae
1070 1726 1107 1784 ad

92 1817 168 1874 hanc
193 1818 396 1891 quaestionem
419 1817 504 1875 nobis
526 1819 594 1875 usui
618 1820 694 1875 sunt.

160 1900 515 1980 ἀντιλαμβάνεσθαι
536 1899 585 1984 (fr.
601 1905 697 1963 LXIV
712 1907 792 1965 coll
813 1905 989 1963 v.a=HK
1009 1906 1108 1977 fr21,

93 1994 178 2053 col.I
196 2015 222 2052 ν.
240 1987 273 2075 2)
294 2014 328 2054 ea
352 2015 443 2070 quam
465 1995 514 2054 hic
541 1994 632 2054 habet
660 1995 906 2072 significationem
930 1987 979 2075 (=
995 1989 1107 2053 αἰσθά-

93 2085 220 2153 νεσθαι,
239 2076 403 2164 peremere)
431 2103 528 2159 neque
552 2084 589 2141 ab
614 2085 743 2160 Epicuro
767 2085 929 2158 usurpatur
951 2102 1047 2158 neque
1070 2083 1107 2140 ab

92 2173 155 2232 ullo
180 2175 249 2231 ante
272 2173 434 2248 Epicurum
459 2175 609 2248 scriptore.
651 2193 746 2248 neque
770 2173 848 2231 enim
868 2192 943 2247 quae
967 2173 1109 2248 leguntur

93 2261 174 2320 Plut.
203 2263 268 2321 adv.
299 2262 359 2321 Ool.
381 2264 399 2321 5
423 2263 588 2337 p.1109d
613 2258 825 2321 διδάσκουσιν
849 2257 895 2334 ὡς
919 2256 1107 2335 ἀναπεφυρ-

96 2347 200 2424 μένων
229 2348 280 2410 καὶ
307 2348 574 2426 συμμεμιγμένων
602 2347 684 2424 ὁμοῦ
713 2368 741 2409 τι
769 2346 915 2420 πάντων,
946 2345 1047 2410 ἄλλου
1076 2345 1107 2408 δ’

96 2433 184 2519 ἀλλιμ
208 2437 393 2514 πεφυκότος
423 2436 637 2514 ἐναρμόττειν,
667 2435 725 2500 οὐκ
749 2435 819 2499 ἔστι
838 2439 894 2512 τῆς
919 2436 1017 2513 αὐτῆς
1037 2455 1107 2498 ποι-

95 2524 211 2602 ότητος
237 2525 344 2603 ἐπαφὴ
370 2527 421 2588 καὶ
445 2524 615 2603 ἀντίληψις
639 2528 703 2588 κτλ.
728 2548 780 2586 cur
802 2528 965 2587 Metrodori
987 2529 1110 2604 propria

94 2617 185 2676 verba
207 2618 343 2677 habenda
371 2621 432 2677 sint
460 2619 523 2677 ulla
552 2622 596 2677 est
619 2637 708 2677 causa
732 2610 838 2699 (Kdrte
860 2617 985 2676 Metrod.
1009 2618 1044 2675 fr.
1067 2610 1109 2697 1),

94 2725 190 2782 neque
214 2706 423 2784 Aristophanis
443 2708 621 2786 Thesmoph.
645 2726 748 2766 versus
765 2708 826 2765 242
852 2708 915 2764 sine
939 2705 1028 2764 dubio
1047 2723 1109 2765 cor-

93 2799 201 2871 ruptus
229 2794 304 2870 πρὶν
336 2792 563 2871 ἀντιλαβέσθαι
590 2793 741 2870 πρωκτὸν
769 2795 825 2869 τῆς
859 2792 986 2870 φλογός
1019 2795 1109 2854 ullius

94 2887 238 2944 momenti
261 2905 323 2945 esse
347 2884 455 2961 potest.
501 2885 591 2944 immo
614 2887 745 2962 primum
763 2885 875 2962 legitur
902 2885 980 2960 apud
1004 2883 1110 2942 Arium

95 2973 266 3049 Didymum,
290 2978 356 3033 tum
379 2975 515 3049 Aetium,
538 2995 606 3033 raro
630 2977 721 3033 etiam
745 2973 825 3050 apud
848 2973 1055 3048 Plutarchum,
1079 2978 1112 3031 at

95 3063 325 3124 usitatissimum
349 3068 394 3123 est
417 3065 495 3139 apud
520 3065 678 3140 scriptores
696 3064 890 3138 philosophos
913 3065 1115 3138 posteriorum

96 3157 278 3228 temporum,
306 3157 342 3212 ut
369 3153 569 3229 Porphyrium
602 3156 632 3211 et
660 3153 831 3210 Aristotelis
865 3155 1110 3211 commentatores

98 3235 204 3321 (etiam
223 3238 393 3316 ἀντίληψις
414 3246 444 3301 et
458 3237 683 3315 ἀντιληπτικός
698 3268 731 3286 =
741 3245 887 3314 perceptio
903 3245 932 3298 et
946 3244 1111 3314 percipiens

96 3331 154 3388 huc
176 3325 349 3413 pertinent).
388 3331 467 3406 apud
486 3331 650 3408 Diogenem
667 3332 768 3405 ipsum
791 3330 882 3388 habes
905 3349 1008 3388 vocem
1026 3325 1109 3389 ἀντὶ·

98 3418 195 3493 ληψις
214 3422 250 3477 fr.
264 3420 306 3477 IV
328 3413 376 3502 (=
390 3421 464 3479 Heb.
485 3424 514 3477 et
532 3421 598 3478 Kal.
615 3412 672 3500 41)
693 3419 747 3477 col.
761 3418 793 3476 II
815 3439 842 3476 ν.
860 3421 886 3476 7.
929 3438 963 3476 ac
986 3419 1113 3477 fortasse

97 3507 183 3566 nobis
212 3509 373 3587 contingit,
399 3512 435 3569 ut
462 3509 608 3584 quomodo
632 3527 689 3568 vox
713 3503 1025 3579 &trahentiusohux
1038 3503 1142 3553 &hm

1195 3618 1204 3679 l
