2430 3840
529 119 732 176 -XVI-

190 289 255 349 Hoc
278 308 374 349 unum·
395 293 496 349 tamen
519 291 640 367 quintus
665 292 795 350 decimus
818 291 869 351 ille
892 309 994 351 versus
1017 291 1143 366 indicat,

124 384 197 456 quot
220 380 374 438 columnae
401 381 557 438 minimum
584 380 662 439 inter
686 381 805 456 singula
828 381 998 457 fragmenta
1021 385 1141 440 servata

123 471 275 547 perierint.
322 469 400 543 quod
423 471 468 527 ita
491 471 710 547 cognoscimus,
737 470 826 528 utin
849 470 1035 528 antecedenti
1058 470 1140 548 frag-

123 561 224 618 mento
249 576 325 633 quae
353 559 464 634 legitur
492 558 656 617 sententiae
679 559 796 617 litteras
821 558 858 617 ab
882 561 1013 617 extrema
1036 558 1140 618 littera

124 649 243 708 servata
270 645 430 721 usquead
457 646 545 704 finem
568 666 769 719 numeremus,
793 650 823 706 et
846 648 877 705 in
900 651 1034 723 proximo
1059 649 1140 726 frag·

123 740 223 796 mento
248 754 323 812 quae
348 740 392 794 est
415 737 579 795 sententiae
598 737 714 796 litteras
738 736 775 794 ab
798 737 885 795 initio
904 755 998 813 usque
1017 738 1056 796 ad
1079 739 1141 814 pri-

123 845 203 884 mam
232 828 389 884 servatam.
441 845 511 884 nam
539 844 606 884 cum
633 826 687 885 sub
715 826 840 904 singulis
869 826 1012 884 columnis
1041 829 1141 901 spatio

123 913 323 974 intercedente
351 933 438 973 senae
467 914 559 973 denae
586 915 647 974 fere
674 915 793 974 litterae
822 915 950 990 scriptae
974 915 1047 989 sint,
1068 916 1139 975 inde

124 1005 330 1063 columnarum
352 1003 536 1078 perditarum
555 1023 697 1062 numerus
716 1003 914 1080 computando
935 1003 1012 1062 effici
1031 1007 1139 1078 potest.

123 1093 256 1170 singulos
275 1111 413 1151 numeros
432 1093 512 1150 infra
530 1093 705 1170 fragmentis
725 1093 841 1166 addam,
864 1111 943 1151 nuno
966 1093 998 1151 id
1020 1096 1140 1151 tantum

123 1200 329 1254 commemoro,
354 1185 426 1256 quot
449 1183 600 1240 columnas
619 1185 685 1241 tota
707 1183 780 1241 haec
799 1183 963 1257 disputatio
982 1182 1140 1240 minimum

123 1271 196 1330 olim
224 1271 377 1346 complexa
404 1273 451 1330 sit.
498 1290 565 1329 cum
598 1271 797 1349 quadraginta
819 1274 879 1330 tres
908 1273 1063 1330 columnae
1091 1273 1140 1330 vel

123 1361 328 1421 columnarum
355 1361 501 1435 reliquiae
529 1364 664 1420 servatae
688 1363 760 1436 sint,
784 1361 853 1436 plus
878 1380 968 1436 quam
992 1362 1138 1436 quinqua-

124 1451 209 1528 ginta
232 1468 282 1508 sex
305 1449 457 1524 perierint,
481 1451 616 1524 sequitur
638 1453 673 1507 ut
695 1450 764 1524 plus
788 1453 906 1508 centurn
930 1450 1074 1508 columnis
1093 1452 1139 1508 to·

122 1543 187 1598 tum
216 1539 390 1613 opusculum
419 1539 491 1596 olim
519 1540 706 1614 complexum
733 1541 773 1597 sit
793 1573 834 1579 —
855 1539 880 1597 si
913 1539 1032 1613 quidem
1059 1542 1139 1599 reete

125 1631 278 1700 sumimus
302 1626 463 1685 sententias
487 1647 612 1702 quarum
634 1628 780 1702 reliquiae
799 1631 934 1686 servatae
957 1630 1036 1701 sunt,
1059 1631 1138 1686 totas

125 1737 143 1776 a
165 1719 309 1790 scriptore
332 1733 394 1774 esse
419 1716 535 1774 allatas.

191 1805 225 1864 In
241 1804 413 1862 ordinandis
427 1804 602 1880 fragmentis
620 1804 751 1880 physicis
770 1807 803 1862 in
821 1806 992 1863 universum
1011 1805 1139 1864 editores

123 1895 341 1954 recentissimos
365 1912 474 1968 sequor
498 1885 635 1973 (excepta
658 1897 727 1952 sunt
750 1895 891 1952 nimirum
913 1894 980 1970 illa,
1004 1913 1082 1970 quae
1101 1893 1141 1951 ad

124 1984 358 2058 disputationem
377 1979 449 2056 περὶ
469 1977 615 2056 ἀπειρίας
630 1979 763 2056 κόσμων
781 1974 953 2064 pertinent).
978 2002 1048 2042 nam
1067 1982 1138 2041 Dio-

124 2092 228 2152 genem
257 2071 293 2130 ab
318 2071 470 2130 elementis
499 2090 599 2130 orsum
627 2072 732 2131 deinde
755 2091 832 2148 quae
856 2092 891 2132 ex
913 2073 951 2131 iis
975 2073 1140 2147 composita

125 2161 186 2222 sint
208 2163 383 2220 tractavisse
402 2152 476 2242 (quo
495 2163 626 2236 pertinet
645 2162 737 2220 etiam
754 2161 859 2219 mundi
877 2153 1051 2242 structura),
1072 2163 1140 2218 tum

125 2252 161 2310 de
187 2250 274 2309 rebus
302 2251 439 2308 humanis
468 2252 498 2308 et
525 2250 561 2309 de
589 2251 646 2310 diis
675 2251 769 2328 egisse
797 2253 827 2308 et
855 2270 889 2309 ex
916 2253 989 2327 ipsa
1007 2269 1040 2307 re
1063 2249 1138 2308 veri·

125 2340 222 2401 simile
249 2343 294 2398 est
322 2342 352 2396 et
380 2359 415 2397 ex
442 2338 575 2398 Lucretii
603 2340 713 2399 ordine.
765 2341 965 2417 fragmentum
989 2339 1029 2396 52
1050 2329 1139 2420 (VH)

125 2430 220 2488 solum
245 2428 304 2486 alio
328 2429 393 2487 loco
416 2428 512 2502 posui.

191 2519 260 2576 Non
287 2519 349 2576 iam
377 2517 507 2575 dubitari
530 2521 642 2592 potest,
667 2520 738 2593 quin
762 2520 813 2576 frr.
829 2519 879 2592 57,
895 2518 936 2576 58
952 2509 1021 2598 (fl),
1039 2518 1080 2574 59
1097 2510 1140 2598 (1)

83 2598 86 2604 ¹
126 2626 243 2683 quoque
266 2609 388 2681 propter
415 2606 525 2682 lapidis
551 2607 742 2666 altitudinem
765 2625 980 2682 numerumque
1002 2624 1141 2664 versuum

125 2697 194 2754 huic
216 2696 357 2771 physicae
376 2695 574 2770 disputationi
592 2696 771 2755 vindicanda
794 2697 904 2754 eteius
923 2695 1141 2771 praefationem

125 2785 216 2844 fuisse
248 2784 381 2859 putanda
414 2783 482 2843 sint.
542 2805 612 2844 nam
648 2785 728 2860 quod
759 2784 916 2860 Heberdey
949 2787 978 2842 ct
1009 2783 1141 2843 Kalinka

125 2895 154 2950 p.
171 2875 235 2932 350
259 2873 371 2947 dicunt,
395 2875 459 2946 „ein
485 2871 597 2949 Grund,
622 2876 679 2932 mit
697 2874 782 2950 jeder
805 2872 1051 2932 (tolumnenreihe
1065 2873 1140 2932 ‘eine

126 2983 200 3022 neue
225 2961 336 3020 Schrift
358 2962 506 3039 beginnen
535 2985 570 3021 zu
598 2965 695 3022 lassen
718 2963 792 3039 liegt
816 2963 851 3038 ja
876 2981 931 3039 gar
953 2963 1038 3020 nicht
1060 2961 1141 3038 vor“,

127 3073 194 3112 cum
216 3071 270 3128 per
293 3069 323 3109 se
346 3069 406 3108 non
424 3051 596 3110 incredibile
615 3053 663 3125 sit,
686 3055 788 3110 tamen
810 3051 931 3126 probari
955 3069 1015 3109 non
1032 3055 1141 3126 potest,

127 3144 198 3218 quia
217 3141 325 3199 titulus
344 3140 431 3199 huius
451 3143 557 3216 scripti
576 3132 625 3220 (fr.
643 3142 682 3198 55
700 3168 732 3186 =
747 3135 847 3220 XXII)
867 3141 900 3198 in
917 3141 1018 3216 lapide
1039 3142 1078 3199 61
1096 3159 1142 3198 cm

126 3231 189 3290 alto
217 3231 378 3304 inscriptus
409 3232 466 3302 est,
494 3229 527 3287 in
555 3229 657 3287 eadem
684 3229 779 3306 igitur
806 3229 941 3304 lapidum
973 3229 1048 3289 serie
1079 3233 1144 3288 erat

128 3323 217 3395 atque
241 3321 338 3379 cetere
361 3319 530 3395 fragmenta
561 3317 665 3376 ethica
711 3318 814 3394 itaque
837 3319 985 3394 praefatio
1008 3338 1068 3378 non
1091 3338 1144 3394 po·

127 3411 188 3467 tuit
214 3411 246 3466 in
274 3408 424 3483 superiore
452 3408 527 3468 serie
552 3409 663 3483 scripta
687 3425 757 3466 esse.
805 3407 917 3468 accedit
941 3407 1020 3483 quod
1043 3408 1079 3466 fr.
1100 3409 1139 3466 61

128 3489 255 3579 (XXIV)
278 3497 356 3555 idem
379 3497 441 3554 fers
464 3497 575 3574 legitur
598 3500 687 3572 atque
706 3498 742 3556 fr.
761 3498 799 3555 58
816 3488 883 3579 (11).
917 3497 1018 3572 qualia
1042 3499 1142 3554 autem
