2430 3840
564 125 754 178 „xx-

154 302 185 358 et
203 297 408 357 columnarum
422 295 460 353 ad
477 295 712 370 disputationem
726 294 761 352 de
781 295 933 353 senectute
952 294 1186 368 pertinentium

154 385 346 446 continebant
373 376 439 464 (afr.
467 384 519 441 fir.
541 386 557 440 1
579 377 734 461 [LXVII],
764 386 781 441 6
803 376 944 460 [LXXIII
969 382 1052 440 coll
1075 383 1170 457 1-5,

153 477 208 536 col.
218 474 251 532 H
263 468 372 551 1-5],
385 477 401 531 7
414 467 524 551 [LXXI
533 473 588 531 col.
598 472 614 529 Ι
626 473 720 545 1-5,
731 473 785 530 col.
795 471 826 529 H
837 466 948 550 1-5],
959 473 977 529 9
989 462 1171 553 [LXVIHD.

152 564 226 624 haec
248 564 342 640 igitur
369 579 438 638 pars
467 581 502 620 ex
524 563 590 620 tota
616 562 733 636 reliqua
755 561 949 636 inscriptione
972 561 1172 637 prominebat.

111 703 113 708 .
153 654 292 714 Fortasse
316 652 451 727 scriptor,
475 670 541 709 oum
565 651 762 726 epistularum
781 651 900 709 litterae
919 652 1047 710 minores
1072 654 1173 709 essent

154 762 244 819 quam
268 745 302 799 ut
328 743 414 799 tanta
437 742 470 798 in
493 739 652 798 altitudine
678 742 756 798 muri
779 741 908 814 scriptae
931 741 1086 814 perspicue
1109 739 1173 818 legi

153 835 284 908 possent,
307 849 417 889 novam
446 831 481 888 de
505 831 654 888 senectute
679 829 912 904 disputationem
936 829 1097 887 maioribus
1121 829 1172 887 lit-

153 923 225 980 teris
253 922 283 977 et
311 920 455 978 columnis
483 917 605 976 inscribi
632 920 733 990 iussit,
761 922 795 976 ut
824 919 916 976 etiam
948 937 1038 992 supra
1070 921 1174 992 postte-

153 1012 229 1068 serie
252 1008 387 1084 lapidum
411 1008 495 1066 abuti
518 1025 634 1067 necesse
658 1011 742 1066 esset,

585 1325 682 1404 Oaput
700 1327 739 1386 II.

368 1473 418 1529 De
441 1471 602 1546 epistula
626 1471 668 1527 ad
692 1473 841 1527 matrem
864 1470 958 1528 deta.

222 1633 403 1708 Fragmenta
420 1630 520 1688 LXIII
538 1634 569 1688 et
591 1628 688 1687 LXIV
708 1623 795 1711 (Heb.
816 1632 846 1688 et
864 1630 931 1688 Kal.
948 1623 1093 1711 ‘rr—24)
1113 1650 1175 1690 non

155 1722 220 1781 sine
240 1739 329 1780 causa
349 1738 463 1779 summo
483 1722 584 1778 nostro
604 1719 702 1778 studi0
722 1719 814 1795 digna
831 1719 985 1778 habentur.
1020 1721 1176 1780 continent

156 1813 237 1871 enim
265 1810 437 1885 epistulam,
466 1828 557 1884 quam
589 1827 648 1865 non
676 1807 713 1866 ab
741 1808 870 1885 ignobili.
895 1809 1027 1882 homine,
1056 1808 1107 1867 sed
1135 1810 1174 1868 ab

156 1900 221 1975 ipso
240 1900 372 1974 Epicuro
392 1900 534 1972 scriptam
553 1916 614 1956 esse
635 1917 651 1954 a
671 1897 742 1956 virts
761 1897 857 1956 doctis
877 1897 1051 1956 affirmatur.
1075 1900 1174 1958 acrius

156 1989 251 2066 igitur
272 1987 457 2062 inspicIenda
485 1990 562 2047 sunt.
609 2006 643 2045 ao
671 1987 800 2062 primum
825 1987 943 2060 quidem
967 2005 1085 2059 causas,
1108 1989 1176 2062 qui-

156 2078 213 2136 bus
243 2077 301 2136 viri
331 2077 411 2136 docti
441 2076 564 2135 adducti
594 2078 666 2149 sint,
694 2079 728 2134 ut
751 2076 881 2152 Epicuro
909 2077 986 2134 hanc
1013 2076 1176 2152 epIstulam

158 2167 365 2240 attribuerent,
384 2167 611 2226 consideremus.
644 2163 754 2223 Gousin
772 2186 801 2241 p.
818 2166 858 2223 68
870 2184 912 2240 sq.
932 2166 979 2223 his
997 2166 1175 2242 fragmentis

22 2238 25 2263 ¹
71 2285 73 2289 v
158 2259 188 2316 et
220 2257 299 2329 aliIs,
328 2275 404 2331 quae
433 2274 511 2313 nunc
539 2255 576 2313 ab
605 2255 767 2313 editoribus
795 2254 1006 2313 recentissimis
1034 2257 1113 2312 recte
1142 2255 1177 2314 in

158 2366 249 2403 unum
278 2345 313 2403 de
341 2347 492 2403 senectute
520 2344 655 2402 libellum
683 2343 893 2419 comprehensa
921 2347 1004 2417 sunt,
1028 2363 1046 2402 a
1069 2346 1176 2402 ceteris

158 2436 331 2512 segregatis,
356 2434 434 2508 quod
457 2434 577 2491 altiores
600 2433 712 2491 habent
730 2433 899 2491 litterarum
918 2432 1033 2506 duetus,
1057 2451 1092 2490 ao
1115 2451 1177 2491 non

158 2525 220 2582 iam
252 2522 413 2598 Antipater
444 2522 495 2581 sed
519 2525 615 2580 mater
639 2523 675 2580 ab
705 2540 738 2580 eo
770 2523 822 2596 qui
851 2522 971 2596 scripsit
1003 2522 1178 2597 appellatur

158 2605 274 2695 (omnia
305 2614 383 2671 enim
413 2617 511 2670 cetera
541 2611 710 2688 fragmenta
740 2611 830 2684 falso,
861 2613 897 2668 ut
926 2629 1004 2668 nuno
1033 2610 1177 2685 ridemus,

159 2702 306 2777 epistulae
329 2701 368 2760 ad
390 2700 585 2774 Antipatrum
608 2700 695 2758 datae
719 2691 868 2782 inseruit),
890 2700 922 2757 in
941 2700 987 2757 his
1011 2700 1177 2775 simplicius

159 2794 190 2850 et
213 2791 322 2849 clarius
346 2808 408 2848 esse
433 2788 548 2847 dicendi
571 2807 664 2864 genus
688 2792 787 2848 censet
816 2792 846 2847 et
868 2789 996 2847 formam
1019 2784 1176 2863 ὑφειστή-

159 2891 260 2939 κεσαν
283 2869 333 2958 (fr.
348 2877 447 2935 LXIII
471 2871 559 2955 [Heb.
574 2880 604 2936 et
617 2877 684 2935 Kal.
700 2875 755 2952 21]
780 2878 835 2936 ool.
849 2877 881 2935 II
899 2898 926 2935 v.
943 2869 976 2958 9)
996 2880 1027 2936 in
1047 2881 1177 2938 aetatem

160 2969 255 3026 multo
285 2967 485 3042 antiquiorem
513 2986 602 3040 quam
631 2986 690 3041 qua
713 2967 821 3025 rixerIt
844 2967 992 3044 Diogenes
1016 2985 1069 3026 nos
1092 2987 1177 3026 revo-

159 3076 226 3115 care
250 3057 366 3115 statuit.
413 3074 489 3131 quae
518 3073 585 3114 cum
612 3058 657 3114 ita
684 3059 745 3116 sint
769 3059 798 3114 et
822 3075 888 3114 oum
911 3055 983 3114 haec
1008 3057 1179 3133 fragmenta

160 3145 263 3204 eodem
286 3145 350 3202 loco
375 3148 464 3219 atque
489 3149 587 3204 cetera
610 3147 733 3203 inventa
757 3145 853 3203 simile
874 3144 1004 3203 habeant
1027 3147 1064 3203 iis
1089 3164 1179 3222 argu-

161 3236 295 3293 mentum
319 3237 348 3290 et
371 3233 447 3292 hanc
470 3234 507 3292 ob
532 3253 650 3293 causam
671 3236 743 3310 quin
766 3234 798 3292 iu
821 3233 924 3293 eodem
942 3235 1055 3292 fuerint
1073 3254 1179 3294 monu-

161 3326 261 3381 mento
282 3322 414 3395 dubitari
431 3341 491 3381 non
510 3325 613 3399 possit,
631 3323 809 3382 credendum
828 3342 890 3382 esse
909 3323 994 3383 nobis
1013 3323 1180 3399 Diogenem

161 3412 306 3488 praesidis
335 3412 460 3471 alicuius
489 3412 606 3471 scholae
630 3414 794 3489 Epicureae
819 3414 980 3488 epistulam
1007 3411 1180 3490 producere,

161 3504 197 3560 ut
225 3502 338 3561 sciIIcet
366 3519 440 3575 quas
468 3503 532 3577 ipse
560 3503 694 3577 proferat
722 3504 884 3562 sententias
912 3504 1008 3580 magis
1033 3501 1181 3562 stabiliat.
