2430 3840
522 251 686 304 ..x-

96 414 227 502 (XVIII)
246 423 326 480 etin
344 421 380 480 fr.
401 422 441 480 56
462 413 546 501 (XV)
566 421 738 496 alloquitur,
760 420 866 479 deiude
884 419 963 495 quod
982 421 1111 480 secunda

95 530 222 589 persona
235 511 376 569 utinhis
391 511 566 589 fragmentis
580 511 624 568 sio
637 511 730 567 etiam
743 509 778 567 fr.
790 511 831 567 39
847 501 947 590 (XIX)
960 511 1017 568 v.3
1034 502 1109 591 (πα-

95 596 334 674 ραδεδομένους
362 595 426 658 ὑπὸ
450 598 513 658 σοῦ
538 591 673 679 λόγους)
697 600 838 673 occurrit,
861 601 896 657 ut
917 599 974 659 hoo
993 618 1109 674 quoque

93 690 296 767 fragmentum
324 692 377 747 aut
404 708 438 747 ex
466 688 594 762 epistula
623 691 675 746 aut
702 707 738 745 ex
764 687 884 764 dialogo
912 688 1014 764 aliquo
1047 706 1110 747 esse

94 781 248 854 appareat,
266 780 331 836 tum
349 779 477 836 maxime
496 795 543 851 eo,
563 776 651 852 quod,
670 795 737 834 oum
755 778 787 835 in
806 777 841 834 fr.
862 772 957 854 37s38
978 771 1109 857 (XVIII)

90 867 180 926 coll
202 866 349 942 promissa
376 868 415 925 sit
438 867 562 942 physica
590 865 754 941 disputatio
776 865 813 924 de
836 866 1111 925 innumerabilitate

93 956 282 1028 mundorum,
307 955 442 1014 omnibus
465 956 526 1014 illis
547 955 722 1032 fragmentis
745 955 806 1012 tale
830 959 874 1013 est
893 959 1110 1032 argumentum,

93 1046 182 1122 quale
211 1045 249 1103 ad
277 1064 344 1102 eam
372 1045 575 1120 quaestionem
607 1046 718 1118 optime
747 1044 885 1118 quadret,
913 1062 982 1101 nam
1010 1045 1046 1102 fr.
1068 1046 1108 1103 39

96 1127 195 1215 (xlx)
214 1154 241 1191 v.
259 1139 277 1192 5
296 1133 423 1210 legimus
442 1128 536 1209 ὅλ[ον
555 1130 613 1192 τὸν
632 1126 788 1211 κό[σ]μον
807 1127 988 1210 ἀναι[ρεῑν],
1008 1134 1110 1192 eodem

94 1224 262 1301 fragmento
290 1242 317 1280 v.
335 1226 375 1280 14
404 1222 440 1280 do
467 1225 548 1281 terra
577 1223 677 1299 agitur
705 1213 810 1302 (otiam
833 1222 1020 1298 paragrapho
1042 1227 1107 1280 v.1

94 1305 233 1389 legitur),
256 1314 292 1369 fr.
313 1314 353 1370 46
374 1303 471 1391 (ΧΧ1)
497 1314 597 1368 autem
615 1311 763 1386 quomodo
786 1312 819 1368 in
836 1311 914 1369 hano
932 1311 1109 1387 disputatio·

94 1420 163 1459 nem
194 1400 383 1459 inserendum
419 1401 471 1474 sit,
508 1419 561 1459 suo
589 1400 658 1458 loeo
696 1400 839 1473 dicemus,
875 1400 923 1458 hic
960 1403 1033 1458 satis
1066 1408 1110 1459 est

95 1494 125 1550 to
149 1490 187 1548 ad
209 1510 236 1549 v.
258 1494 298 1548 14
324 1486 396 1563 μίαν
425 1485 461 1548 δέ
488 1505 560 1548 τινα
586 1482 675 1567 γῆ[ν]
703 1507 856 1562 revocare,
883 1492 918 1547 ut
945 1489 1046 1548 videas
1074 1490 1109 1546 de

92 1599 217 1638 numero
241 1583 389 1637 terrarum
413 1580 464 1655 agi
487 1573 593 1658 (otiam
607 1579 794 1654 paragrapho
815 1578 950 1638 adhibita
964 1570 1031 1658 ost).
1065 1581 1107 1636 at·

95 1688 154 1743 quo
177 1686 245 1726 cum
269 1668 402 1726 omnium
424 1668 531 1726 horum
554 1669 790 1743 fragmentorum
813 1668 869 1725 hoc
892 1686 1009 1742 quoque
1033 1686 1109 1726 com-

94 1777 182 1816 mune
210 1758 263 1832 sit,
293 1757 374 1832 quod
404 1758 503 1831 spatia
533 1775 642 1833 magna
673 1775 762 1832 supra
792 1759 822 1813 et
851 1755 929 1814 infra
958 1757 1110 1815 columnas

94 1846 201 1905 relicta
222 1850 291 1904 sunt
315 1838 402 1925 (quia
421 1865 480 1904 non
499 1844 610 1903 habent
629 1847 766 1920 quintam
785 1845 930 1903 decimam
948 1846 1058 1904 lineam
1076 1850 1110 1902 ut

94 1935 264 2013 fragmenta
282 1927 392 2014 ethica)
408 1936 445 1992 iis
464 1934 687 2010 adiungendum
706 1952 768 1993 esso
782 1933 900 1992 videtur
910 1935 1001 1992 etiam
1015 1935 1051 1991 fr.
1067 1935 1108 1993 85

95 2015 219 2105 (XVII),
235 2043 293 2099 quo
309 2023 467 2083 secundam
481 2042 600 2099 quoque
619 2042 773 2098 personam
793 2024 910 2081 invenis
929 2015 1055 2103 (ποθεῖς
1078 2019 1108 2082 ἑ-

96 2105 206 2192 κεῑνο).
230 2114 275 2173 De
290 2114 325 2171 fr.
342 2115 382 2171 82
399 2106 568 2192 (XXVIH),
588 2112 667 2187 quod
690 2115 791 2170 utrum
811 2114 948 2187 quintam
966 2112 1111 2171 decimam

94 2202 233 2261 habuerit
251 2204 362 2262 lineam
380 2221 471 2261 necne
486 2221 544 2260 non
559 2201 755 2279 cognoscitur,
770 2200 901 2260 dubitari
920 2203 1031 2277 potest,
1049 2220 1108 2259 ros-

96 2310 153 2365 que
176 2310 211 2349 cx
239 2311 272 2350 eo
300 2291 422 2367 pendet,
450 2292 597 2367 quomodo
625 2309 727 2350 versus
755 2292 889 2366 corrupti
914 2290 1110 2366 suppleantur

96 2373 225 2460 (ethicae
249 2381 445 2456 disputationi
463 2373 611 2460 attribui).
649 2380 763 2438 accedit
785 2400 878 2437 unum
901 2381 1110 2456 fragmentum,

95 2469 175 2544 quod
199 2489 217 2528 a
241 2467 368 2528 (lousino
397 2469 460 2528 solo
488 2473 639 2528 servatum
663 2461 713 2550 (fr.
736 2470 776 2527 10
796 2468 891 2543 Cous,
914 2469 949 2526 fr.
969 2470 1012 2526 44
1036 2467 1108 2526 Heb.

4 2560 9 2570 “
95 2561 126 2617 ct
141 2558 214 2617 'Kal
239 2552 337 2637 [XX])
361 2558 451 2616 nullis
478 2558 596 2616 indiciis
624 2560 804 2616 instructum
827 2560 880 2632 ost,
904 2557 1010 2633 quibus
1033 2557 1109 2631 lapi-

95 2647 141 2704 dis
164 2647 291 2706 formam
314 2664 481 2724 cognoscas.
524 2645 574 2705 sed
598 2666 665 2705 cum
688 2648 741 2706 col.
759 2647 791 2704 H
813 2668 840 2705 v.
858 2649 898 2706 12
924 2648 1050 2722 scriptor
1074 2645 1109 2704 do

95 2736 150 2794 hoc
173 2736 284 2794 mundo
307 2737 449 2811 loquatur
473 2727 557 2816 (οὐδ’
582 2730 638 2794 ὅδε
662 2731 680 2794 ὁ
701 2728 847 2816 κόσμος),
871 2737 1023 2810 putaveris
1042 2734 1111 2793 huic

95 2825 205 2884 mundo
229 2826 303 2884 alios
331 2825 485 2900 oppositos
513 2843 588 2898 esse3
616 2824 718 2899 itaque
741 2825 796 2882 hoc
820 2844 937 2899 quoquo
961 2826 1109 2902 fragmen-

94 2917 160 2972 tum
187 2914 384 2989 disputationi
412 2914 448 2972 de
478 2914 656 2972 mundorum
688 2913 961 2972 innumerabilitate
989 2915 1109 2972 inserui.

94 3005 191 3080 magis
214 3003 397 3062 dubitaveris
420 3023 493 3060 num
516 3002 599 3061 aliud
621 3003 821 3078 fragmentum
848 3002 884 3060 ab
908 3002 1010 3060 eodem
1034 3002 1110 3062 (lou-

94 3093 160 3151 sino
193 3092 256 3151 solo
288 3092 374 3150 uobis
397 3091 542 3150 traditum
570 3083 619 3170 (fr.
642 3093 681 3150 15
708 3090 801 3164 Cous,
827 3092 866 3150 51
892 3090 965 3149 Heb.
990 3094 1020 3149 ot
1043 3091 1110 3149 Kal.

94 3171 210 3260 [xvl])
233 3183 312 3239 recto
335 3181 393 3238 huc
417 3182 569 3238 referatur.
616 3180 667 3238 sod
695 3199 762 3238 cum
785 3180 901 3237 nullum
925 3181 1007 3238 aliud
1030 3182 1109 3256 frag-

94 3272 229 3328 mentum
252 3273 347 3328 exstot
370 3269 610 3345 quattuordecim
632 3288 780 3342 versuum,
804 3287 863 3344 quo
887 3269 1014 3344 scriptor
1038 3270 1110 3326 ami·

96 3377 163 3418 cum
187 3358 318 3433 aliquem
341 3360 526 3433 alloquatur,
554 3357 612 3416 nisi
637 3377 672 3416 ea
695 3377 771 3433 quae
796 3359 941 3433 epistulae
964 3358 1048 3416 illius
1073 3358 1110 3416 ad

94 3447 290 3523 Antipatrum
313 3447 400 3507 datae
424 3452 503 3521 sunt,
527 3446 582 3506 hoc
607 3466 723 3522 quoque
747 3447 821 3505 mihi
840 3447 958 3506 videtur
979 3447 1026 3505 illi
1049 3449 1109 3522 epi-

95 3537 190 3596 stulae
214 3555 276 3597 osso
300 3537 496 3595 tribuendum.

161 3626 304 3687 Venimus
324 3626 362 3685 ad
380 3626 510 3702 reliquos
529 3625 643 3702 lapidos
662 3627 716 3701 qui
735 3625 837 3686 eadem
852 3625 1012 3684 altitudine
1030 3630 1111 3700 sunt,
