2430 3840
501 139 720 192 „xxx-

102 310 187 367 nulla
215 311 261 367 est
288 326 389 375 causa,
418 326 471 366 cur
498 328 557 367 non
585 310 645 383 ipsi
672 308 801 385 Diogeni
829 309 1028 384 attribuatur3
1052 330 1127 370 nam

102 402 222 456 tantum
240 397 334 471 abest,
352 401 387 455 ut
411 416 544 456 sermone
562 399 717 473 scriptoris
739 400 772 455 in
791 401 964 474 antiquiora
982 402 1127 477 tempora

101 506 286 561 revocemur,
314 486 394 562 quod
423 485 533 544 Gousin
559 489 661 563 putat,
689 489 724 544 ut
746 487 833 546 valde
860 490 987 547 recentis
1011 492 1127 549 aetatis

102 576 277 653 scriptorem
306 593 368 634 esse
397 576 558 634 videamus.
606 594 672 634 cum
700 578 801 634 autem
829 580 895 636 tota
921 578 1079 653 inscriptio
1105 600 1127 639 a

101 666 175 724 viris
204 665 299 724 doctis
327 656 417 746 (Heb.
437 668 468 723 et
486 664 553 722 Kal.
577 685 605 740 p.
626 656 707 746 442)
734 668 857 741 propter
885 667 1065 743 scripturam
1092 673 1127 729 et

101 754 285 830 reliquorum
309 754 544 832 fragmentorum
568 773 733 813 sermonem
757 755 876 814 exeunti
899 755 1027 815 secundo
1050 761 1125 834 post

102 842 253 902 Christum
276 843 394 902 saeculo
419 842 610 919 attribuatur,
635 862 686 901 cur
704 863 764 903 non
783 844 947 922 Diogenem
966 848 1001 904 ut
1020 849 1125 908 cetera.

99 933 144 990 ita
173 933 250 991 hanc
283 951 400 1007 quoque
433 933 593 1007 epistulam
630 935 783 1009 scripsisse
816 932 990 993 credamus?
1045 936 1124 996 haee

100 1025 220 1080 tantum
242 1024 355 1096 repeto,
377 1020 461 1080 verbi
480 1016 771 1096 ἀντιλαμβάνεσθαι
791 1022 1013 1082 substantivum
1031 1019 1122 1084 ἀντί-

100 1109 197 1184 ληψις
220 1111 350 1169 inveniri
373 1111 453 1186 apud
476 1110 640 1188 Diogenem
663 1112 699 1170 fr.
714 1111 757 1168 IV
781 1111 880 1170 001.ss
901 1115 933 1185 7,
955 1113 1121 1175 formulam

100 1195 183 1259 ὅσον
208 1194 264 1274 ἐφ’
290 1195 420 1273 ἑαυταῖς
443 1199 540 1259 redire
563 1200 599 1258 fr.
619 1201 634 1257 I
658 1202 712 1259 col.
727 1201 758 1258 Π
774 1202 815 1258 14
840 1193 938 1282 (ὅσον
962 1197 1034 1262 ἔστ’
1060 1200 1120 1279 ἐφ’

99 1280 217 1368 ἡμεῑν),
230 1288 354 1348 verbum
367 1290 554 1349 rarissimum
573 1294 603 1348 et
620 1290 707 1349 valde
726 1308 828 1348 recens
848 1288 1005 1364 θνητότης
1024 1293 1121 1352 etiam

100 1380 136 1436 fr.
151 1377 262 1435 XXXV
285 1379 339 1436 col.
354 1378 400 1436 HI
420 1380 439 1436 3
463 1379 533 1455 legi,
556 1379 684 1454 denique
708 1398 775 1437 cum
793 1382 944 1438 structura
966 1379 1002 1438 fr.
1017 1380 1121 1441 LXIII

98 1468 153 1527 col.
168 1467 199 1524 ΙΙ
217 1470 234 1524 7
254 1464 313 1540 τὴν
333 1464 434 1540 αὐτὴν
454 1462 566 1540 ἔχουσι
587 1464 722 1540 δύναμιν
741 1468 779 1540 τῆ
800 1463 854 1527 ὅτε
874 1464 1119 1544 ὑφειστήκεσαν

101 1558 170 1632 apte
194 1557 361 1632 comparari
383 1575 470 1632 posse
494 1558 529 1614 fr.
544 1556 647 1615 XVIII
671 1557 724 1615 col.
739 1557 819 1615 1112
844 1553 898 1616 ἵνα
920 1555 957 1631 δὴ
982 1555 1020 1618 τὸ
1038 1553 1119 1620 ἴσον

100 1642 230 1718 γένηται
254 1645 299 1704 τῶ
324 1639 383 1706 κᾶν
407 1642 522 1719 παρὼν
546 1642 735 1719 ὡμολόγεις.

167 1733 248 1803 Quae
286 1753 353 1792 cum
389 1737 433 1793 ita
471 1735 542 1808 sint,
580 1737 671 1792 etiam
707 1737 742 1793 fr.
762 1734 843 1793 LXV
890 1735 964 1795 Heb.
993 1740 1023 1795 et
1048 1737 1117 1798 Kal.

98 1823 134 1880 fr.
152 1815 208 1903 26)
232 1825 282 1881 vix
311 1825 471 1898 quisquam
499 1828 621 1899 propter
648 1843 756 1882 nomen
785 1822 855 1884 Cari
893 1826 947 1884 col.
966 1825 1013 1884 III
1036 1847 1063 1886 v.
1080 1821 1118 1908 8)

98 1912 275 1988 antiquioris
299 1913 424 1971 alicuius
442 1913 565 1987 Epicuri
584 1913 738 1972 sectatoris
758 1915 917 1988 epistulam
937 1933 999 1974 esse
1022 1918 1118 1975 credi-

98 2002 175 2060 derit
203 2020 221 2059 a
244 2002 377 2078 Diogene
404 2003 554 2078 prolatam
578 1997 635 2081 (sic
658 2002 732 2061 Heb.
752 2006 783 2061 et
796 2003 862 2062 Kal.
886 2025 915 2080 p.
930 1995 1023 2085 443),
1047 2023 1118 2065 cum

98 2111 158 2150 non
190 2109 266 2150 unus
298 2091 453 2150 Lucretius
486 2091 625 2150 habuerit
657 2111 819 2168 cognomen
853 2091 929 2152 (lari.
986 2100 1016 2152 et
1048 2113 1116 2154 cum

99 2181 154 2238 col.
164 2180 211 2238 ΙΙΙ
225 2201 252 2240 v.
270 2183 287 2238 2
303 2182 437 2258 legamus
452 2183 626 2256 scriptorem
641 2181 738 2240 Rhodi
757 2182 944 2256 aliquamdiu
963 2186 1116 2243 versatum

99 2286 170 2344 esse,
192 2271 373 2329 monendum
392 2272 445 2344 est,
468 2270 559 2329 etiam
577 2270 743 2348 Diogenem
763 2263 831 2351 (col.
845 2271 877 2328 Π
893 2273 934 2330 10
952 2272 1117 2350 fragmenti

98 2358 153 2415 XV
169 2354 256 2437 [Heb.
272 2363 303 2417 et
316 2359 383 2419 Kal.
406 2361 441 2416 fr.
459 2353 530 2438 56])
554 2360 598 2418 ibi
620 2362 835 2419 commoratum
859 2378 930 2419 esse.

519 2678 617 2756 Caput
632 2664 689 2736 III.

220 2822 269 2880 De
298 2823 472 2880 sermonis
497 2821 718 2899 Diogeniani
746 2823 982 2898 vulgaritate.

164 2981 329 3058 Diogenem
356 3000 451 3055 neque
482 2982 601 3058 ingenio
634 3002 730 3058 neque
760 2981 895 3041 doctrina
927 2987 1113 3059 praestitisse

96 3071 165 3130 inde
193 3070 288 3128 videri
315 3072 427 3144 potest,
457 3071 536 3146 quod
559 3071 768 3146 Empedoclem
790 3071 926 3150 Acragae
957 3074 1113 3133 cuiusdam

95 3159 192 3217 filium
215 3160 297 3232 facit,
320 3158 466 3217 Heracliti
489 3161 525 3218 de
549 3162 689 3219 continuo
709 3162 841 3218 omnium
860 3181 959 3220 rerum
982 3163 1063 3221 fluxu
1082 3168 1115 3224 et

94 3252 178 3307 motu
207 3249 385 3307 sententiam
413 3248 572 3309 Aristoteli
599 3249 751 3315 attribuit,
776 3250 874 3326 ipsum
897 3271 1015 3327 quoque
1038 3254 1112 3328 Epi-

95 3358 199 3396 curum
221 3337 399 3415 magistrum
422 3358 482 3396 non
504 3358 667 3415 numquam
686 3339 763 3397 falso
782 3341 939 3418 intellegit.
977 3342 1056 3416 quod
1075 3342 1113 3400 de

94 3427 181 3487 rebus
205 3425 320 3486 levibus
344 3429 433 3502 atque
457 3428 579 3487 minutis
598 3429 695 3486 multa
713 3428 804 3488 verba
823 3429 896 3488 facit
920 3432 950 3489 et
967 3430 1046 3488 idem
1065 3431 1113 3490 bis

95 3517 142 3576 vel
161 3520 207 3575 ter
226 3515 322 3575 dicere
340 3535 400 3574 non
419 3520 547 3592 veretur,
566 3518 604 3576 ad
622 3519 807 3595 ingeniolum
825 3519 888 3578 eius
908 3518 1019 3594 optime
1039 3539 1111 3595 qua·
