2430 3840
495 139 717 202 -90-

168 295 219 350 col.
238 296 252 348 I
274 314 299 348 v.
315 295 366 350 5l6
390 301 441 350 τού
465 298 572 360 πάθους
594 297 710 350 πλάνον.
749 295 797 348 cfr.
814 295 846 348 fr.
861 295 965 349 XXVII
986 302 1044 349 ut
1069 301 1114 350 καί

95 369 313 438 πλ[ανω]μένων
329 368 461 435 θεραπεία
480 373 587 422 παθῶν.
602 399 638 407 -
656 385 721 420 cum
740 369 835 421 autern
854 367 988 435 proximis
1010 367 1115 421 colum-

96 440 140 492 nis
159 455 215 491 non
239 439 274 492 de
293 437 441 492 affectibus
461 439 511 491 sed
530 439 564 491 sle
582 438 735 491 virtutibus
755 440 824 508 agat
843 439 963 506 scriptor
979 438 1042 507 (col.
1056 438 1115 508 tvl,

96 510 146 564 illo
169 510 252 563 modo
271 511 380 577 primae
399 510 544 563 columnae
562 529 605 563 vv.
621 515 691 563 5-9
711 509 886 577 supplendae
905 513 994 564 erant.

169 581 220 635 ool.
234 581 274 634 IV
293 600 316 635 v.
332 588 347 634 3
368 585 446 637 έσται
460 599 501 646 τις
520 584 615 636 αὐτῶν
635 582 678 636 ἐπ’
692 585 789 646 ἀγαθῶ
809 582 916 650 μνήμη]
945 581 983 635 ad
1002 581 1116 635 dicendi

95 653 234 706 rationem
252 653 300 706 cfr.
317 653 389 706 Plut.
410 654 445 706 de
465 654 564 707 curios.
585 658 655 706 cll
677 654 802 720 ἐμνήσθη
823 656 838 707 ό
858 656 935 707 δεῖνα
954 659 1005 707 τού
1026 657 1116 718 δεῖνος

98 725 142 780 ἐπ’
161 728 266 794 ἀγαθῷ,
287 727 316 778 ct
330 724 427 793 Polyb.
443 725 477 791 Π,
492 730 534 790 61,
551 730 566 777 θ
585 728 618 779 τό
638 725 663 779 δ’
682 726 838 779 ἀκόλουθον
858 729 904 778 καί
921 727 954 778 τό
974 730 1025 792 τῆς
1043 726 1117 779 ἱστο-

96 797 158 864 ρίας
174 797 247 850 ἴδιον
266 799 387 864 ἀφάλεν,
407 799 457 850 τόν
477 799 592 850 ἔπαινον
612 801 656 850 καί
675 799 729 863 τήν
747 796 791 849 ἐπ’
810 799 907 865 ἀγαθῷ
927 797 1039 863 μνήμην
1057 802 1117 850 τῶν

98 870 253 932 ἀξιολόγων
273 871 465 934 προαιρέσεων
484 869 513 920 et
531 866 578 933 VI,
598 873 640 932 39,
656 874 680 920 2.
907 912 909 915 ,

168 956 192 990 ν.
210 943 295 1006 9sqq.
330 941 400 1006 μηδέ
418 941 469 1003 τάς
490 941 590 1006 ἀρετάς
609 940 718 1003 εἰδότας
736 941 780 993 ότι
798 944 856 992 τῶν
881 941 1117 1006 συνχρονούντων

98 1015 253 1077 ποιητικῶν
272 1028 295 1075 χ.
312 1012 345 1078 ε.]
383 1010 459 1078 quod
477 1011 524 1063 hic
543 1011 579 1064 de
602 1010 755 1063 virtutibus
778 1009 855 1063 idern
878 1011 914 1063 de
936 1010 1118 1078 philosophia

98 1081 203 1134 dicitur
216 1080 320 1134 Wotlre
334 1083 421 1135 Wc'ca.
437 1081 514 1136 Stoa.
530 1081 556 1134 X
573 1100 600 1150 p.
613 1088 663 1134 193
679 1084 749 1134 sent.
761 1087 794 1134 27
814 1083 859 1135 έπί
878 1084 928 1146 μέν
946 1087 1005 1136 των
1024 1085 1118 1136 ἄλλων

97 1154 327 1219 ἐπιτηδευμάτων
361 1155 438 1219 μόλις
469 1159 653 1208 τελειωθεῖσιν
686 1156 702 1207 ό
726 1156 832 1220 καρπός
859 1155 983 1220 ἔρχεται,
1013 1155 1057 1207 ἐπὶ
1086 1157 1118 1208 δέ

98 1225 269 1292 φιλοσοφίας
294 1227 438 1292 συντρέχει
465 1231 499 1292 τῆ
528 1227 631 1290 γνώσει
658 1227 691 1279 τό
724 1227 853 1292 τερπνόν.
900 1227 934 1278 ού
961 1226 1015 1292 γὰρ
1049 1227 1118 1290 μετὰ

99 1298 219 1363 μάθησιν
234 1298 394 1364 ἀπόλαυσις,
410 1299 479 1350 ἀλλὰ
495 1299 551 1362 ἅμα
562 1298 680 1365 μάθησις
694 1301 739 1350 καὶ
749 1298 909 1364 ἀπόλαυσις,
925 1297 953 1348 et
963 1296 999 1349 de
1009 1313 1118 1348 summo

99 1366 173 1420 bono
193 1365 210 1418 l.
227 1384 249 1420 c.
270 1369 340 1420 sent.
360 1374 393 1420 49
418 1370 540 1432 όαὺτός
558 1370 658 1436 χρόνος
682 1372 727 1422 καί
749 1370 886 1433 γενέσεως
908 1373 960 1422 τού
985 1368 1117 1433 μεγίστου

99 1442 206 1503 ἀγαθοῦ
222 1443 267 1493 καί
282 1442 466 1504 ἀπολαύσεως
480 1441 558 1507 (corr.
575 1439 635 1504 Ua,
656 1441 821 1504 ἀπυλύσεως
835 1439 914 1508 cod.).
934 1454 990 1490 non
1003 1456 1119 1506 prorsus

95 1510 176 1563 'idem
191 1509 240 1563 sed
255 1510 347 1564 simile
362 1513 413 1576 est,
428 1511 504 1579 quod
519 1511 589 1564 dicit
602 1510 681 1579 Epic.
702 1527 744 1578 ep.
760 1510 800 1562 III
818 1517 833 1576 ξ
850 1516 900 1563 132
920 1513 1120 1577 συμπεφύκασι

98 1584 152 1649 γάρ
173 1583 201 1636 αἱ
219 1585 315 1649 ἀρεταὶ
338 1590 380 1652 τῷ
405 1587 455 1650 Ζήν
479 1585 571 1649 ἡδέως
589 1587 634 1636 καὶ
659 1585 692 1636 τό
716 1587 767 1648 Ζήν
790 1584 881 1648 ἡδέως
904 1584 1015 1635 τούτων
1044 1585 1120 1636 ἐστίν

100 1654 257 1720 ἀχώριστον
281 1655 309 1706 ct
331 1653 417 1723 paulo
441 1656 507 1706 ante
526 1655 624 1722 (etiam
647 1671 706 1720 κυρ.
732 1655 780 1709 δόξ
799 1652 834 1721 V)
862 1655 914 1706 οὐκ
933 1655 1008 1708 ἔστιν
1028 1656 1120 1720 ἡδέως

99 1729 150 1791 Ζήν
169 1727 235 1778 ἀνευ
254 1731 305 1778 τού
325 1726 470 1792 φρονίμως
488 1729 534 1778 καὶ
552 1729 644 1788 καλῶς
663 1729 707 1778 καὶ
722 1725 841 1790 δικαίως,
866 1723 955 1796 (οὐδέ
974 1725 1120 1792 φρονίμως

100 1800 146 1850 καί
165 1799 256 1860 καλῶς
275 1799 320 1849 καί
339 1796 472 1867 δικαίως>
488 1798 554 1850 ἄνευ
582 1802 633 1850 τού
662 1798 765 1863 ἡδέως;
796 1795 871 1847 unde
898 1797 995 1848 tamen
1023 1795 1120 1864 aliquo

99 1866 182 1920 modo
202 1866 333 1935 cognosci
356 1870 451 1936 potest
470 1867 595 1933 virtutes,
619 1870 651 1918 ut
673 1869 776 1920 natura
800 1883 864 1919 cum
881 1865 1028 1934 voluptate
1053 1883 1118 1920 con·

99 1937 213 1990 iunctae
233 1938 298 2000 sint,
317 1938 358 1991 ita
378 1938 465 1991 etiam
483 1938 582 1992 eodem
600 1940 726 2006 tempore
745 1940 831 2006 atque
849 1936 929 1989 illam
948 1938 1075 1992 existere.

173 2009 214 2062 fr.
229 2009 350 2064 XXVII
378 2009 457 2063 coll
485 2029 508 2062 v.
526 2017 558 2063 14
585 2010 633 2063 rix
661 2009 745 2063 aliter
768 2008 893 2078 suppleri
917 2011 1011 2078 potest
1034 2011 1121 2077 atque

101 2083 194 2149 έλ]π1ς.
232 2080 372 2147 Diogenes
391 2099 531 2135 summum
545 2082 650 2135 bonum
665 2081 734 2150 quid
748 2082 786 2135 sit
800 2081 954 2135 secundum
968 2081 1121 2148 Epicurum

100 2168 230 2205 enarrare
248 2151 368 2218 videtur,
388 2170 442 2222 quo
463 2153 549 2206 etiam
567 2153 691 2222 pertinet
711 2157 762 2222 „ro
781 2155 881 2207 πιστόν
901 2155 1045 2218 έλπισμα“,
1069 2151 1119 2205 cfr.

101 2223 134 2276 fr.
150 2227 184 2276 68
195 2223 241 2277 Ua.
261 2227 294 2278 τό
308 2227 362 2292 γάρ
377 2228 511 2289 εὐσταθὲς
525 2228 627 2292 σαρκός
642 2227 807 2292 κατάστημα
823 2227 915 2278 καὶτὸ
935 2228 997 2291 περί
1015 2225 1122 2291 ταύτης

6 2337 8 2340 -
101 2298 201 2350 πιστόν
221 2298 339 2362 ἔλπισμα
357 2301 410 2364 τήν
430 2299 589 2364 ἀκροτάτην
608 2298 697 2364 χαράν
716 2301 762 2350 καί
781 2297 964 2363 βεβαιοτάτην
984 2298 1040 2361 ἔχει
1063 2302 1123 2360 τοῖς

102 2367 302 2432 ἐπιλογίζεσθαι
331 2370 496 2434 δυναμένοις
519 2371 547 2422 et
566 2367 670 2421 Wotke
691 2368 777 2421 Wica.
797 2367 875 2422 stad.
891 2366 916 2418 Χ
934 2384 962 2434 p.
979 2371 1030 2419 193
1050 2368 1120 2419 sent.

102 2443 136 2491 33
156 2441 259 2506 σαρκός
277 2443 361 2507 φωνὴ
380 2442 414 2494 τό
435 2443 471 2506 μή
491 2445 589 2506 πεινῆν
605 2480 720 2504 ......
738 2445 829 2493 ταύτα
853 2440 905 2505 γὰρ
926 2441 999 2504 έχων
1017 2456 1059 2502 τις
1077 2443 1123 2493 καί

102 2510 220 2566 ἐλπίζων
240 2513 309 2566 ἕξειν
329 2514 380 2565 κᾶν
400 2514 445 2565 Διί
464 2513 534 2578 ὑπὲρ
555 2511 731 2576 εὐδαιμονίας
750 2513 910 2576 μαχέσαιτο.

174 2581 225 2634 col.
240 2582 267 2634 H
284 2601 309 2635 ν.
327 2589 340 2636 1
361 2583 420 2648 μετ’
439 2585 566 2651 ἐγλογής]
589 2588 647 2636 τῶν
671 2585 772 2649 ἡδέων,
796 2584 829 2633 ut
851 2581 971 2634 videtur.
1010 2579 1058 2633 cfr.
1074 2579 1122 2634 Us.

102 2654 135 2705 l'r.
161 2658 212 2705 515
241 2653 280 2725 <ἡ
310 2654 419 2725 ἀρετὴ>
447 2658 508 2721 περὶ
536 2657 590 2720 τήν
618 2655 737 2720 ἐκλογήν
766 2655 825 2707 έστι
852 2659 911 2706 τῶν
939 2654 1034 2718 ἡδέων
1062 2653 1124 2706 κατ’

104 2725 268 2792 Ἐπίκουρον
287 2728 316 2778 et
335 2725 412 2794 Epic.
433 2742 476 2793 ep.
491 2725 530 2778 III
551 2731 600 2777 129
620 2731 697 2779 πᾶσα
724 2727 775 2779 οὖν
794 2727 884 2792 ἡδονή
909 2725 955 2777 διὰ
978 2724 1011 2776 τό
1035 2725 1123 2790 φύσιν

103 2799 176 2863 ἔχειν
195 2797 300 2851 οἰκείαν
319 2800 434 2864 ἀγαθόν,
454 2800 488 2851 οὐ
507 2803 584 2851 πᾶσα
605 2799 699 2862 μέντοι
719 2795 788 2867 (γ’)
808 2795 917 2862 αίρετή.

175 2875 229 2920 ut
258 2871 451 2934 πλανωμένων
479 2870 589 2936 παθῶν]
619 2867 667 2921 cfr.
691 2867 724 2920 fr.
750 2866 840 2919 XXVI
868 2864 919 2919 ool.
944 2865 957 2916 I
983 2870 1041 2917 πό
1070 2871 1121 2919 τοι)

103 2940 231 3002 πάθους.
248 2983 253 2994 .
271 2983 276 2993 .
292 2943 407 2994 πλάνον.

174 3017 231 3064 ut
251 3013 332 3080 ὅπου,
352 3013 432 3080 φημί,
452 3013 523 3079 oliv}
562 3011 602 3063 sic
621 3011 709 3064 etiam
727 3009 797 3063 Heb.
813 3011 842 3061 et
855 3007 918 3061 Kal.
944 3007 1071 3060 scribunt
1094 3007 1124 3060 in

104 3083 245 3151 contextu,
274 3084 324 3136 aad
351 3083 431 3136 aliud
458 3099 569 3151 quoque
597 3082 758 3150 proponunt
783 3082 856 3134 ὅπου
884 3098 957 3147 φημι
985 3080 1037 3132 ούν
1063 3077 1124 3132 eine

103 3153 343 3223 interpunctione,
367 3155 443 3224 quod
465 3155 507 3207 lta
531 3153 686 3221 explicant:
720 3154 756 3205 Ινι
780 3154 832 3204 dea
856 3152 958 3205 Fcttlca
981 3152 1049 3214 also,
1071 3167 1125 3204 σου

105 3225 191 3281 denen
213 3228 257 3281 ich
279 3228 395 3295 aprechc,
418 3228 455 3281 ist
471 3226 571 3280 cowolcl
590 3241 612 3277 e.
629 3243 655 3292 q.
671 3242 691 3277 s.
729 3223 802 3276 illud
820 3223 890 3275 mihi
914 3222 1004 3291 magis
1026 3220 1125 3275 varisi-

104 3297 171 3352 mile
195 3313 255 3352 esae
278 3298 398 3364 videtur,
425 3300 454 3351 et
472 3297 593 3349 maxime
612 3295 730 3350 Dielesii
749 3295 1013 3362 interpretationem
1036 3291 1125 3360 probo

104 3371 154 3422 ati
171 3371 258 3440 ι’ρύυν
277 3371 342 3439 (too
355 3374 456 3438 repeto)
467 3370 622 3437 periculam
636 3384 776 3437 mappam,
795 3368 835 3421 ibi
848 3369 930 3420 etiam
950 3367 1057 3419 lucram
1077 3368 1124 3430 (sc.

104 3458 256 3510 νιαρυιωι).
303 3446 347 3496 καί
375 3443 406 3494 in
434 3440 574 3494 sententia
601 3439 768 3493 correlative
794 3438 957 3506 duplicatur
980 3436 1068 3489 etiam
1091 3434 1126 3488 fr.

91 3510 190 3562 LXIII
204 3513 256 3565 col.
271 3514 305 3566 II
320 3520 334 3568 1
347 3531 388 3582 sq.
