2430 3840
521 181 700 236 ..1η-

102 351 175 425 sint,
203 354 303 410 tamen
331 351 411 409 hand
440 369 536 426 pauca
559 351 690 411 nondum
713 351 863 426 expedita,
891 350 1036 410 nonnulla
1058 370 1118 409 non

102 443 182 499 recte
205 440 358 499 intellecta
377 458 439 498 esse
458 440 532 498 mihi
550 439 696 499 videntur.
742 460 812 499 nam
832 459 928 515 neque
947 442 1117 499 contextum

102 529 200 606 ipsum
224 529 333 604 ubique
352 531 432 588 recte
450 532 624 605 perceptum
644 549 739 605 neque
759 548 874 606 semper
890 529 980 589 rectis
999 530 1116 605 supple·

101 620 209 677 mentis
237 621 358 678 auctum
386 637 482 692 neque
509 619 745 696 fragmentorum
772 617 906 677 ordinem
934 637 1050 694 semper
1072 638 1117 676 re-

102 707 240 766 stitutum
269 726 331 766 esse
359 710 441 782 puto.
492 707 619 781 accedit,
648 707 728 783 quod
762 707 798 765 de
826 708 970 782 scriptore
999 726 1116 783 quoqne

102 815 154 855 seu
172 795 208 854 de
227 796 420 870 scriptoribus
437 829 476 836 —
497 816 567 855 nam
586 797 674 855 etiam
695 795 788 872 ipsius
806 796 930 871 Epicuri
948 797 1117 875 fragmenta

100 889 219 944 servata
242 889 312 944 sunt
324 917 369 926 —
382 885 476 944 falsae
495 885 657 944 nonnullae
675 888 711 943 nt
728 886 802 943 milri
819 885 957 946 videntur
975 887 1117 964 vulgatae

100 976 171 1032 sunt
193 973 355 1048 opiniones
405 977 560 1050 praeterea
583 993 642 1032 non
665 974 772 1033 inutile
796 993 858 1034 esse
881 977 954 1050 puto
978 993 1047 1033 cum
1069 975 1116 1034 his

101 1081 178 1138 quae
200 1062 349 1141 Diogenes
376 1063 499 1138 praebet
522 1082 637 1138 semper
659 1066 757 1122 cetera
780 1064 932 1123 doctrinae
951 1065 1116 1140 Epicureae

100 1151 278 1211 documenta
291 1171 475 1227 componere,
494 1153 670 1228 praesertim
684 1171 752 1210 cum
771 1153 826 1211 hoc
841 1153 928 1212 modo
946 1153 978 1211 id
997 1172 1116 1229 quoque

101 1239 198 1299 videri
220 1232 327 1316 111111,
360 1242 463 1317 quanti
489 1261 523 1301 ea
547 1241 732 1300 aestimanda
755 1242 823 1300 sint.
874 1261 950 1316 quae
977 1261 1044 1300 cum
1072 1245 1117 1304 ita

99 1331 168 1405 sint,
192 1331 324 1388 animum
351 1330 455 1388 induxi
482 1333 516 1388 ut
538 1330 681 1408 Diogenis
709 1330 877 1408 fragmenta
904 1350 939 1390 eo
967 1333 1020 1406 qui
1042 1331 1117 1389 mihi

99 1417 263 1494 probabilis
283 1437 346 1478 esse
360 1418 511 1478 videretur
525 1421 627 1479 ordine
642 1438 836 1495 proponerem
851 1423 881 1479 et
894 1422 1115 1495 interpretarer.

105 1507 156 1567 sed
179 1509 269 1567 antea
296 1508 332 1567 de
359 1509 595 1586 fragmentorum
622 1509 724 1567 ordine
751 1510 830 1568 ratio
854 1509 1003 1568 reddenda
1027 1510 1116 1568 etde

98 1599 232 1672 personis
256 1599 435 1673 scriptorum
458 1599 530 1672 quid
553 1599 629 1655 mihi
651 1598 790 1656 videatur
807 1598 965 1656 dicendum
988 1602 1040 1657 111.

537 1916 635 1994 (laput
656 1919 679 1977 Ι.

340 2060 388 2118 Ι)1
413 2059 625 2120 ordinandis
648 2061 872 2137 fragmentis.

165 2220 233 2279 Nou
265 2222 364 2280 omnia
402 2223 570 2300 fragmenta
603 2221 641 2280 ad
676 2222 754 2280 idem
774 2224 926 2297 'seriptum
957 2222 1114 2297 pertinere,

98 2308 150 2367 sed
177 2309 358 2369 diversorum
389 2312 567 2387 scriptorum
593 2311 736 2387 reliquias
768 2311 853 2370 nobis
886 2315 1018 2370 servatas
1051 2328 1114 2370 esse

97 2397 160 2455 iam
183 2396 292 2458 (lousin
314 2401 393 2460 vidit
415 2402 446 2459 et
468 2418 521 2459 nos
545 2419 622 2460 nunc
645 2401 677 2458 in
695 2400 857 2460 novissima
876 2400 1005 2459 editione
1023 2399 1114 2459 innisi

97 2487 194 2546 multo
213 2488 319 2548 melius
338 2491 470 2548 statuere
488 2507 652 2564 possumus.
680 2490 783 2566 itaque
802 2490 858 2548 hoc
875 2490 1005 2564 primum
1025 2508 1113 2567 agen·

97 2575 169 2635 dum
192 2580 237 2636 111
259 2577 306 2636 illi
329 2580 381 2654 qui
404 2577 439 2637 de
462 2578 509 2638 his
532 2580 706 2656 fragmentis
729 2580 863 2652 disserat,
886 2582 921 2635 ut
944 2597 997 2638 suo
1022 2579 1114 2653 quod·

98 2684 156 2739 que
178 2666 379 2743 fragmentum
403 2668 586 2727 attribuatur
609 2671 727 2744 scripto.
783 2667 865 2726 cuius
893 2667 1025 2726 muneris
1051 2687 1113 2726 ma-

98 2773 189 2830 gnam
221 2759 339 2831 partem
365 2757 426 2814 iam
450 2757 602 2815 solverunt
626 2756 765 2831 editores,
796 2756 846 2815 sed
873 2775 942 2815 cum
969 2758 1114 2816 nonnulla

96 2842 202 2901 relicta
225 2845 294 2918 sint,
317 2845 353 2904 de
376 2846 432 2904 hac
456 2865 627 2921 quoquere
651 2846 736 2905 nobis
760 2845 973 2921 disputandum
996 2848 1050 2904 est.

165 2931 232 2991 Duo
259 2935 291 2991 in
318 2933 493 3010 fragmentis
522 2934 690 3011 digerendis
718 2935 803 2993 nobis
836 2935 1002 2994 offeruntur
1028 2954 1113 3010 prae·

96 3020 185 3094 sidia,
208 3023 318 3097 species
341 3022 476 3097 lapidum
495 3025 525 3081 et
543 3026 758 3100 argumentum.
799 3023 835 3082 de
858 3025 955 3098 specie
978 3023 1114 3100 lapidum

97 3110 180 3183 prius
209 3111 357 3187 agendum
388 3113 441 3171 est.
495 3115 585 3186 atque
620 3131 679 3169 non
710 3130 783 3186 opus
814 3131 877 3170 esse
906 3116 981 3187 puto
1012 3115 1113 3171 omnia

96 3197 147 3256 hic
164 3198 273 3256 iterum
292 3198 464 3273 describere,
483 3199 536 3258 sed
554 3200 665 3259 sufficit
683 3200 721 3258 ad
739 3201 932 3260 novissimam
951 3202 1110 3260 editionem

96 3280 195 3366 (Rea.
219 3288 255 3345 de
277 3305 349 3345 corr.
378 3289 455 3347 Hell.
479 3288 563 3368 XXI)
596 3292 626 3348 11
657 3306 807 3363 11111111,
840 3290 892 3348 ubi
925 3309 960 3349 ea
991 3291 1060 3349 inde
1083 3308 1112 3350 'a

94 3393 164 3452 pag.
186 3377 248 3433 348
277 3375 426 3453 descripta
454 3380 485 3436 et
511 3382 615 3454 postea
643 3378 760 3454 depicta
783 3381 873 3453 atque
897 3380 1043 3438 accuratis
1066 3381 1111 3439 in-

95 3463 183 3522 diciis
211 3465 356 3524 instructa
384 3467 507 3527 invenis.
557 3468 613 3527 hoc
645 3469 741 3527 solum
768 3487 846 3526 nunc
874 3469 1028 3528 dicendum
1057 3472 1112 3543 est,

93 3551 265 3631 fragmenta
288 3559 318 3615 et
337 3555 497 3616 altitudine
515 3557 650 3636 lapidum
669 3559 700 3617 et
717 3557 922 3636 magnitudine
941 3558 1112 3620 litteramm
