2430 3840
484 191 707 256 „85-

86 367 122 402 ne
142 350 251 403 duabus
274 349 390 416 quidem
412 349 495 402 terris
518 349 605 402 finitis
628 350 795 404 immensam
813 348 1025 403 multitudinem
1045 351 1102 402 eto·

87 437 196 473 morum
224 421 363 485 consumi,
392 421 442 473 sed
469 419 570 472 harum
597 421 745 488 utramque
771 437 827 474 non
849 419 941 473 minus
964 420 1105 473 infinitam

87 490 1104 633 brattealis}§tilitates-²3.lassasset

87 651 205 701 rumque
223 651 371 687 numerum
390 633 524 688 conficere
550 635 717 688 immensam
735 635 839 688 molem
858 637 1021 687 atomorum.
1059 633 1105 687 In-

88 705 183 758 finitos
212 721 278 774 ergo
305 705 424 759 mundos
451 722 512 759 esse
535 722 634 759 necese
663 709 713 760 est.
733 738 766 745 -
786 705 839 759 tali
861 706 944 760 modo
967 703 1105 774 Epicurus

88 792 200 843 quoque
228 776 517 830 innumerabilitatem
545 778 713 831 mundorum
740 776 873 848 probasse
900 777 1018 830 videtur.
1056 775 1105 830 cfr.

88 863 161 915 quae
179 847 312 902 brevibus
330 848 423 903 verbis
443 848 513 901 dicit
532 864 575 917 ep.
590 849 602 900 I
617 854 651 903 45
670 848 726 918 (Us.
746 867 774 917 p.
795 854 810 902 9
828 867 854 902 τ.
871 850 982 917 όιηη.);
1002 850 1105 915 οὐγὰρ

89 920 302 985 κατανήλωνται
325 921 354 975 αἱ
376 926 505 975 τοιαύται
528 922 640 988 ἄτομοι,
669 923 697 976 ἐξ
721 922 762 974 ὧν
781 921 816 974 ἂν
834 922 945 984 γένοιτο
964 923 1069 986 κόσμος
1087 923 1104 986 ή

89 991 140 1057 ὑφ’
158 993 199 1045 ὡν
219 993 254 1045 ἂν
272 992 410 1059 ποιηθείη,
431 992 500 1046 οὔτ’
515 993 562 1056 εἰς
580 994 638 1046 ἕνα
658 992 728 1046 οὐτ’
747 991 794 1056 είς
811 994 1105 1059 πεπερασμένους,

88 1062 151 1117 οὐθ’
173 1064 233 1116 ὅσοι
257 1070 380 1117 τοιούτοι
404 1064 465 1118 οὐθ’
484 1066 546 1118 ὅσοι
569 1065 701 1130 διάφοροι
723 1065 846 1127 τούτοις·
876 1065 950 1117 ὥστε
969 1065 1053 1117 ούδὲν
1072 1064 1105 1116 τό

88 1134 339 1201 ἐμποδοστατῆσόν
358 1135 384 1188 τ’
402 1136 460 1188 ἐστι
479 1138 549 1201 πρὸς
566 1138 619 1201 τήν
639 1136 765 1202 ἀπειρίαν
783 1140 842 1189 τῶν
862 1137 983 1200 κόσμων.

159 1241 201 1295 fr.
217 1240 312 1294 XXII
339 1240 440 1294 titulus
464 1240 664 1309 disputationis
684 1241 803 1295 ethicae.
841 1242 877 1294 ad
897 1258 930 1294 ea
949 1258 1021 1309 quae
1042 1258 1107 1308 sup·

68 1309 70 1314 ’
87 1311 164 1380 plevi
183 1310 232 1366 cfr,
251 1311 284 1364 fr.
298 1310 388 1364 XXIX
407 1311 470 1381 (HK
485 1315 528 1381 63)
549 1314 577 1365 et
595 1328 668 1379 quae
687 1312 745 1365 dixi
763 1331 790 1382 p.
806 1311 864 1366 XV.

159 1419 201 1473 fr.
212 1417 325 1472 XXIII
340 1417 414 1471 coll
428 1436 453 1472 v.
467 1423 528 1471 1-8
547 1418 618 1472 dicit
637 1420 734 1472 contra
753 1436 800 1472 eos
815 1419 864 1486 qui
879 1434 912 1471 ex
925 1418 1107 1486 philosophia

89 1488 144 1542 sibi
158 1490 308 1558 pecuniam
327 1490 502 1557 honoresque
516 1489 625 1543 facient
639 1492 747 1558 (πολλοὶ
760 1492 814 1557 γὰρ
828 1491 980 1558 χρημάτων
995 1494 1041 1544 καί
1054 1507 1107 1544 τει-

89 1567 150 1626 μύιν
160 1563 265 1629 ἕνεκ]εν
272 1561 365 1614 versui
375 1561 466 1630 primo
476 1561 661 1616 antecessisse
668 1564 751 1630 putet
758 1561 810 1630 λλ).
826 1577 883 1613 non
889 1563 985 1614 temen
993 1561 1106 1614 omnino

88 1631 225 1699 Epicurus
248 1633 340 1686 vetuit
368 1631 525 1701 sapientem
553 1633 606 1686 tali
633 1634 717 1686 modo
746 1632 801 1686 sibi
824 1631 973 1701 pecuniam
997 1649 1106 1700 parare,

89 1719 152 1754 cum
176 1703 283 1756 diceret
306 1708 350 1758 καί
374 1707 515 1772 μόναρχον
539 1706 569 1758 ἐν
593 1711 679 1774 καιρῷ
704 1707 886 1772 θεραπεύσειν
914 1706 976 1774 (τόν
1000 1706 1106 1772 σοφὸν)

89 1773 132 1841 (fr.
143 1779 194 1827 677
205 1773 264 1844 Ue.)
283 1778 312 1829 et
326 1777 546 1844 χρηματίσεσθαί
558 1793 590 1830 τε
604 1778 665 1847 (τόν
680 1778 791 1846 σοφόν),
811 1776 870 1830 ἀλλ’
884 1776 940 1830 ἀπό
959 1777 1046 1842 μόνης
1060 1790 1106 1829 σο-

89 1846 163 1912 φίας,
183 1847 367 1914 ἀπορήσαντα
386 1847 429 1917 (fr.
445 1853 495 1900 567
507 1848 572 1916 Ua).
602 1846 700 1901 sedin
718 1848 879 1901 universum
898 1847 1013 1914 quidem
1032 1846 1106 1915 sapi-

89 1917 182 1970 entem
205 1917 294 1971 vitare
316 1934 415 1989 regum
441 1919 536 1972 sulam
560 1919 668 1986 docuit,
698 1919 746 1974 oft.
765 1918 838 1972 illud
861 1921 927 1974 λάθε
953 1921 1055 1985 βιώσας
1078 1919 1107 1970 et

88 1985 193 2040 Wotke
208 1987 295 2042 Wiea.
311 1990 388 2044 stud.
404 1991 429 2043 X
444 2009 465 2043 s.
481 1997 513 2043 67
534 1993 680 2058 ἐλεύθερος
698 1992 755 2059 βίος
769 1992 803 2045 ού
819 1993 935 2044 δύναται
951 1991 1106 2056 κτήσασθαι

89 2059 218 2125 χρήματα
232 2061 322 2113 πολλὰ
336 2063 428 2115 διὰτὸ
442 2065 475 2115 τό
489 2061 687 2133 πρᾶγμα<μὴ>
698 2065 796 2131 ῥᾴδιον
811 2063 884 2127 εἷμαι
898 2065 982 2127 χωρίς
996 2061 1108 2128 θητείας

89 2132 181 2196 ὄχλων
200 2134 217 2196 ἢ
239 2133 387 2186 δυναστῶν
406 2137 463 2187 κτλ.

160 2201 212 2255 col.
227 2200 253 2253 Π
275 2219 301 2254 v.
318 2209 332 2255 1
356 2205 390 2257 τό
413 2204 630 2271 ἐπιζητούμενον
658 2206 714 2258 ὑπὸ
738 2209 789 2271 τῆς
811 2205 968 2270 φύσεως..
986 2205 1106 2272 .τέλος].

23 2297 26 2301 ’
89 2272 229 2326 similibus
248 2273 340 2326 verbis
358 2273 449 2326 utitur
467 2273 643 2343 Polystratus
662 2278 724 2342 περὶ
743 2277 847 2339 ἀλόγου
868 2275 1107 2342 καταφρονήσεως

89 2344 140 2397 col.
159 2344 234 2409 IXb,
261 2362 287 2399 v.
308 2350 395 2414 tsqq.
415 2347 452 2414 (p.
474 2351 507 2398 17
532 2345 574 2399 ed.
594 2345 700 2414 Wilke)
729 2347 898 2414 διώκω[με]ν
922 2348 1106 2414 συμφώνω[ς]

89 2420 173 2482 ...q
194 2419 279 2483 φύσις
305 2420 387 2484 ήμῶν
415 2419 500 2486 αὐτ[ὴ
529 2419 617 2486 Ζη]τεῑ
643 2420 723 2482 τέλος
751 2418 779 2470 et
808 2416 858 2470 col.
887 2415 998 2469 XXIIIa
1029 2423 1106 2485 lsqq

89 2489 125 2555 (p.
141 2493 174 2540 31
189 2485 295 2557 Wilke)
323 2490 398 2555 παρὰ
416 2490 449 2543 τό
470 2493 506 2556 μή
522 2491 657 2542 δύνασθαι
677 2491 835 2555 διαγνῶναι,
854 2489 912 2555 τίή
928 2491 1012 2555 φύσις
1025 2491 1107 2554 ἡμῶν

88 2561 161 2626 αιίτή
182 2563 258 2627 Ζητεῖ
273 2561 353 2624 τέλος
375 2564 421 2614 καί
444 2563 475 2614 ἐκ
497 2561 583 2614 τίνων
605 2566 692 2615 τούτο
718 2563 948 2626 συμπληροῦσθαι
971 2561 1106 2627 πέφυκεν.

88 2630 138 2683 cfr.
153 2630 240 2683 etiam
260 2629 315 2683 Cic.
336 2631 371 2684 de
390 2630 435 2684 fin.
455 2631 469 2683 Ι
488 2636 511 2697 7,
527 2637 561 2683 23
580 2633 723 2698 coufirmat
742 2629 899 2700 (Epicurus)
922 2638 1012 2685 autem
1035 2629 1108 2684 ι’ίίαιί

86 2703 128 2756 vel
146 2705 265 2756 maxime
282 2703 355 2772 quod
374 2704 436 2771 ι’ρεα
454 2709 572 2768 amora,
595 2709 628 2757 αι
650 2705 692 2757 ait
709 2703 763 2769 vlle,
781 2703 879 2756 εοίωαί
900 2708 926 2756 et
944 2703 1053 2770 probet,
1076 2702 1107 2755 iul

88 2779 126 2826 est
143 2775 308 2842 voluptatem
331 2781 356 2828 et
374 2775 492 2828 dolorem
511 2775 550 2844 (et
568 2773 581 2825 I
600 2779 629 2842 9,
649 2776 692 2844 30)
713 2773 761 2827 cfr.
782 2773 868 2826 etiam
887 2771 934 2826 Us.
953 2771 987 2826 fr.
1003 2776 1055 2825 260
1078 2774 1108 2826 et

87 2843 138 2913 Ep.
154 2861 196 2913 ep.
212 2845 251 2898 ΠΙ
270 2851 285 2910 ξ
302 2850 353 2898 129
372 2845 428 2915 (Us.
448 2863 475 2914 p.
492 2851 534 2912 63,
550 2848 584 2914 1).

160 2933 183 2968 v.
200 2921 224 2968 3.
266 2917 350 2971 verbs
372 2919 399 2972 τί
423 2917 449 2972 δ’
472 2920 529 2972 ἐστὶ
553 2922 652 2985 τούτο,
677 2919 719 2971 ότι
747 2934 778 2970 τε
802 2917 871 2982 μήτε
895 2920 1017 2980 πλούτος
1035 2917 1106 2969 αὐτό

89 2987 205 3041 δύναται
228 2995 382 3055 παρασχεῖν
407 2989 476 3055 μήτε
502 2991 569 3044 δόξα
594 2993 650 3042 κτλ.
676 2987 745 3056 quid
770 2987 896 3041 habeant
923 2985 1023 3039 offensi
1050 3003 1107 3040 non

88 3055 170 3110 video
189 3057 256 3123 (ΗΚ
274 3077 301 3126 p.
317 3065 369 3113 434
388 3061 418 3113 in
436 3060 481 3113 his
500 3059 591 3115 verbis
610 3058 784 3129 offendunt).
813 3057 883 3112 dicit
897 3058 973 3112 enim
987 3057 1108 3126 scriptor

90 3126 281 3182 demonstrare
310 3148 340 3185 se
367 3130 439 3185 velle
467 3131 589 3201 primum
617 3130 686 3199 quid
717 3129 755 3183 sit
781 3129 854 3183 illud
883 3132 975 3196 τέλος,
1004 3128 1107 3182 deinde

89 3214 180 3266 neque
209 3200 317 3253 dlvitiis
345 3218 436 3270 neque
459 3203 612 3257 honoribus
635 3217 726 3270 neque
750 3201 815 3255 aliis
838 3200 921 3254 rebus
941 3199 1013 3254 illud
1033 3216 1107 3252 uom-

88 3270 185 3338 parari
203 3287 285 3339 posse
305 3273 356 3326 sed
373 3274 555 3342 philosophia
575 3273 642 3327 sols.

160 3360 183 3394 v.
195 3349 211 3395 4
222 3359 281 3411 sqq.
301 3360 357 3396 non
372 3345 441 3398 satis
457 3362 518 3400 esse
533 3345 646 3398 divitias
661 3344 698 3398 ad
712 3344 825 3398 beatam
839 3343 927 3396 vitem
943 3359 1106 3410 comparan-

89 3413 154 3466 dam
170 3414 323 3467 secundum
337 3414 491 3483 Epicurum
505 3420 603 3470 notum
618 3417 668 3470 est.
696 3415 745 3469 cfr.
757 3415 803 3468 Us.
814 3414 848 3468 fr.
859 3419 911 3468 548
925 3416 959 3469 τό
974 3417 1107 3479 εὔδαιμον

88 3490 133 3540 καί
152 3488 288 3553 μακάριον
306 3490 341 3541 ού
364 3489 516 3554 χρημάτων
538 3493 646 3555 πλῆθος
663 3489 732 3542 ούδὲ
748 3489 929 3553 recepticio
943 3489 1047 3542 ham&
1061 3480 1121 3524 effi

87 3558 170 3624 ἀρχαί
194 3574 268 3622 τινες
294 3560 407 3626 ἔχουσιν
433 3561 503 3616 ocos
527 3561 682 3628 δυνίιμεις,
713 3558 771 3612 htx
800 3553 917 3607 axente
940 3550 998 3596 unx
1015 3539 1133 3596 “W“
