2430 3840
539 215 584 225 .-
632 177 696 242 104
743 217 784 225 -

225 336 267 391 fr.
280 335 383 390 axx}
403 335 480 389 coll
499 334 540 389 sic
557 334 705 407 intellego:
733 336 808 390 inter
826 334 897 389 alias
916 336 1068 390 senectutis
1087 336 1175 391 mole·

154 408 224 462 stiss
242 406 397 461 adversarii
415 407 503 460 etiam
521 406 709 461 membrorum
727 407 894 462 tarditatem
908 408 1072 461 attulerunt.
1102 424 1174 477 quos

153 482 187 533 ut
208 478 326 545 refutet,
355 477 474 546 scriptor
500 477 582 532 dicit:
610 479 636 532 st
658 479 831 549 elephantem
855 509 886 518 -
910 496 977 534 nam
1000 482 1026 534 ei
1046 481 1172 534 marimo

153 552 224 604 ineat
241 551 421 605 membrorum
439 551 559 605 tarditas
578 581 611 589 -
630 557 744 620 proper
764 551 923 606 tarditatem
941 553 1024 606 ctiam
1041 552 1173 606 miseram

153 638 210 676 csse
225 623 328 687 voluat,
346 628 405 676 tam
424 624 463 675 eis
481 621 643 676 ocdoadum
661 628 707 677 est.
744 622 831 676 verba
849 624 944 676 tamen
967 621 1097 691 suppleta
1114 638 1172 675 non

152 691 238 747 valde
254 693 376 762 placent.

225 799 277 854 col.
292 799 318 852 Π
335 817 361 853 τ.
376 806 464 867 tsqq.
485 800 525 852 sic
543 799 691 869 intellego:
716 801 814 852 contra
832 816 888 866 eos,
911 799 961 870 qui
980 799 1173 870 aegritudines

154 871 307 926 senectutis
331 873 478 937 accusant,
505 871 628 939 primum
651 869 802 923 dicendum
825 873 881 938 est,
909 871 980 925 illud
998 888 1054 925 non
1073 874 1173 926 eontra

153 957 233 995 senes
253 942 322 1007 dioi;
350 942 380 994 in
396 942 560 996 universum
579 941 654 996 enim
672 941 720 1008 iis,
745 942 847 1011 quibus
866 942 1037 1011 cupiditates
1055 959 1112 996 non
1128 943 1172 996 in·

153 1017 228 1080 sunt,
246 1029 281 1067 ne
297 1013 490 1082 aegritudines
504 1013 617 1081 quidem
630 1013 730 1082 insunt
747 1012 871 1081 (senibus
886 1016 981 1069 eutem
999 1013 1171 1082 cupiditates

152 1101 209 1138 non
231 1084 341 1151 insunt,
365 1101 432 1155 ergo
455 1103 490 1138 ne
514 1084 706 1154 aegritudines
729 1083 863 1154 quidem).
906 1085 942 1138 ad
964 1103 989 1140 v.
1011 1091 1096 1153 tsqq.
1121 1086 1172 1139 cfr.

154 1155 234 1210 Lacr.
248 1155 288 1209 III
302 1161 354 1209 900
362 1173 403 1224 sq.

225 1263 268 1318 fr·
281 1263 401 1318 LXXII
425 1282 451 1318 ν.
471 1268 551 1318 5-8
578 1262 752 1318 adversarios
779 1266 848 1332 puto
877 1263 1042 1332 scriptorem
1066 1263 1172 1334 fingere

153 1337 327 1390 senectutem
353 1338 531 1401 accusantes,
559 1335 635 1403 quod
662 1334 789 1389 homines
814 1335 930 1389 inutiles
951 1334 1062 1403 reddat,
1085 1338 1171 1404 atque

135 1416 235 1462 'senes
252 1409 407 1475 monentes,
425 1410 466 1473 ut,
485 1407 561 1477 quod
576 1423 674 1460 senum
693 1407 739 1474 sit,
759 1424 856 1461 somno
874 1423 935 1462 sese
953 1405 1066 1462 dedant.
1103 1406 1172 1460 inde

153 1495 171 1532 s
188 1494 269 1533 versu
289 1484 304 1532 9
323 1481 419 1532 autem
442 1479 561 1546 scriptor
585 1494 666 1532 suam
684 1479 718 1532 de
737 1478 793 1533 hac
808 1496 839 1532 re
857 1477 1029 1532 sententiam
1047 1478 1171 1548 exponit.

153 1581 187 1590 -
205 1566 302 1604 versus
315 1549 480 1604 Homericus
499 1550 535 1602 ab
555 1550 723 1604 adversariis
741 1550 858 1619 paulum
876 1551 1002 1604 mutatus
1022 1552 1072 1604 est.
1100 1549 1172 1621 legi-

152 1623 200 1674 tur
217 1621 269 1676 Od.
289 1640 312 1676 ω
328 1627 380 1675 254
390 1639 430 1690 sq.
449 1624 570 1691 τοιούτῳ
595 1624 626 1676 δὲ
649 1624 753 1690 ἔοικας,
782 1623 842 1677 ἐπεὶ
864 1624 996 1677 λούσαιτο
1020 1623 1108 1689 φάγοι
1129 1639 1170 1690 τε,

153 1695 298 1760 εὑδέμεναι
317 1696 460 1759 μαλακῶς·
479 1696 497 1759 ἡ
516 1695 570 1760 γὰρ
589 1694 650 1760 δίκη
671 1694 729 1749 ἐστὶ
746 1695 898 1761 γερόντων.

224 1799 266 1853 tr.
281 1798 416 1853 LXXIII
433 1804 490 1852 at
519 1801 647 1864 ὁαύτὸς.
684 1797 761 1852 idem
788 1799 910 1866 scilicet,
938 1799 1017 1852 ouius
1043 1798 1172 1853 versibus

153 1869 240 1924 etiem
267 1869 421 1924 adversarii
452 1870 498 1923 usi
530 1874 611 1924 erant
637 1870 671 1924 fr.
700 1871 893 1924 antecedente.
939 1886 1014 1924 nuno
1044 1869 1171 1925 eiusdem

152 1945 253 2010 poetae
270 1941 398 1996 versibus
417 1959 496 1995 suam
515 1941 686 1995 sententiam
700 1940 854 1995 confirmat.
870 1973 902 1980 -
917 1959 1014 1995 versus
1028 1941 1171 1996 Homerici

152 2015 218 2066 sunt
236 2011 267 2066 Il.
284 2014 303 2067 Β
319 2009 361 2066 53'
372 2015 401 2066 et
420 2015 515 2079 [15⁰3
535 2029 604 2080 quos
623 2012 763 2067 Usenerus
781 2013 906 2084 agnovit.

224 2119 266 2174 fr.
281 2119 408 2176 LXXIV
427 2121 540 2188 ἀρτίους
558 2120 607 2174 cfr.
626 2119 717 2174 Praef.
736 2139 764 2190 p.
778 2119 927 2176 XXXVIII.
