2430 3840
515 175 736 239 ,87-

115 332 208 385 Hense
236 334 350 386 revocat
378 349 428 385 nos
458 333 494 384 ad
521 331 576 386 cic.
592 331 674 385 Tusc.
697 332 719 383 V
739 338 780 399 37,
802 337 865 398 1083
902 333 976 388 Plut.
1006 335 1040 388 de
1069 334 1133 389 exil.

113 422 142 472 p.
163 409 214 457 600
230 403 263 469 Ρς
293 403 384 473 Epict.
404 403 470 457 diss.
489 404 541 470 Is,
564 411 591 468 13
620 402 928 472 Sen.dial.V1120‚c,
951 405 989 458 IX
1004 412 1029 473 4,
1044 413 1069 472 4,
1089 422 1134 475 ep.

114 480 158 540 28,
174 481 198 528 4.
242 475 314 528 adde
343 473 398 528 Cic.
428 474 462 527 de
491 475 544 529 div.
565 475 577 528 l
596 480 639 541 57,
661 480 710 528 137
740 493 801 529 cam
828 476 924 531 domas
950 479 987 531 stt
1012 479 1134 532 omnium

112 564 174 600 aaa
202 563 285 614 eoque
312 549 469 600 comprimis.
507 546 626 600 fortasse
650 546 707 599 iam
730 545 883 615 Epicurum
906 549 1000 616 ipsum
1023 566 1057 602 ex
1080 549 1133 602 hac

116 618 257 671 sententia
270 621 452 686 praeceptum
467 636 549 671 suum
559 618 708 680 derivasse,
722 635 778 685 quo
790 619 873 672 docet
887 623 924 687 μὴ
939 623 1134 674 πολιτεύεσθαι

112 692 164 743 τὸν
189 691 290 756 σοφόν,
310 690 464 742 arbitratur
483 689 595 743 Usener.
634 691 683 742 sed
703 707 736 743 ex
757 690 887 743 omnibus
906 707 979 758 quae
997 691 1133 745 habemus

114 760 150 814 de
175 760 229 813 hac
254 778 283 813 re
306 760 476 814 testimoniis
504 760 562 829 (Us.
577 761 642 814 fnss
663 763 691 814 et
710 766 734 826 0,
755 767 805 814 552
817 765 879 830 sqq)
908 765 1039 831 apparet,
1067 763 1132 817 ideo

116 833 229 884 tantum
253 832 409 900 sapientem
428 832 597 901 Epicureum
621 831 764 886 abstinere
783 848 800 885 a
818 834 942 902 gerenda
960 852 989 887 re
1007 833 1132 903 publica,

114 921 150 955 ne
169 902 313 956 molestias
333 903 446 957 habeat.
483 905 580 971 itaque
606 903 673 968 illis,
697 904 799 972 quibus
824 905 913 959 nimia
937 905 1041 975 cupido
1060 905 1135 960 inest

115 974 229 1028 honoris
253 977 281 1026 et
303 974 456 1042 potentiae,
482 975 620 1044 Epicurus
639 975 725 1044 plane
743 976 856 1041 suadet,
880 979 913 1030 nt
936 976 1136 1030 administrent

113 1046 347 1114 rempublicam,
370 1047 438 1114 quia
461 1047 485 1099 si
509 1046 696 1115 cupiditatem
720 1063 801 1100 suam
824 1051 995 1114 coercerent,
1019 1066 1052 1101 ex
1075 1049 1133 1102 otio

114 1117 177 1185 ipso
201 1117 288 1170 etiam
311 1118 431 1170 maiores
455 1117 490 1171 iis
515 1119 689 1172 exorirentur
713 1119 861 1172 molestiae
884 1120 927 1188 (fr.
944 1125 995 1173 oto
1015 1122 1044 1172 et
1063 1122 1134 1190 557).

115 1188 192 1256 quod
218 1189 263 1241 vix
288 1189 425 1256 suaderet,
453 1189 476 1242 si
498 1190 655 1258 sapientem
681 1189 716 1243 ob
743 1206 805 1244 eam
824 1206 947 1257 causam,
973 1191 1040 1258 quia
1066 1191 1134 1244 civis

115 1259 239 1313 universi
266 1261 348 1327 esset,
373 1277 432 1313 rem
458 1260 602 1329 publicam
630 1261 774 1314 vitandam
800 1278 860 1316 esse
887 1265 1020 1316 censeret.
1064 1263 1135 1315 mihi

114 1330 231 1398 quidem
249 1331 340 1401 magis
359 1332 470 1402 videtur
488 1331 541 1384 hoc
554 1334 737 1400 praeceptum
756 1331 813 1385 illis
827 1333 1011 1400 temporibus,
1030 1333 1132 1400 quibus

114 1419 150 1456 ex
177 1403 306 1455 omnibus
335 1402 506 1471 disciplinis,
533 1403 730 1470 quodcumque
757 1403 893 1472 placeret,
917 1403 1076 1473 eligeretur,
1104 1405 1134 1457 in

115 1473 298 1542 disciplinam
326 1473 493 1542 Epicuream
521 1477 735 1528 transmanasse.
783 1491 954 1542 quamquam
982 1476 1135 1529 conceden-

115 1545 184 1598 dum
204 1548 247 1598 est
265 1545 337 1598 nihil
361 1562 457 1598 eorum
481 1562 554 1613 quae
578 1545 715 1614 Epicurus
740 1545 836 1600 docuit
864 1563 928 1599 cnm
951 1547 1004 1600 hoc
1027 1546 1135 1615 placito

116 1632 253 1685 pugnare.

188 1705 211 1739 v.
229 1694 260 1740 11
290 1691 458 1755 συναρπάζυι
486 1691 589 1743 οὐδένα
616 1693 764 1756 μαρτυρεῖν
798 1704 849 1757 ρνο
878 1691 952 1742 ὥστε
985 1697 1133 1756 μαρτυρεῖν

116 1757 174 1810 dici
192 1758 312 1825 videtur,
333 1759 381 1814 cfr.
396 1760 486 1814 Praef.
502 1780 529 1830 p.
544 1760 625 1814 XLV.
658 1759 773 1813 verbum
788 1762 956 1827 συναρπάῑω
975 1759 1029 1814 hac
1048 1759 1136 1830 signi-

118 1829 250 1882 ficatione
269 1847 364 1899 capere
383 1833 507 1886 ocimum
525 1833 584 1886 cias
602 1832 650 1900 qai
668 1832 750 1886 audit
768 1830 873 1885 dicitnr
896 1831 982 1885 etiam
1006 1831 1041 1884 ab
1060 1833 1137 1886 Ano-

116 1916 201 1966 nymo
225 1901 254 1953 in
275 1902 358 1956 Arist.
375 1903 456 1957 Rhet.
472 1904 515 1957 ed.
531 1903 579 1956 Ac.
595 1903 655 1956 Ber.
680 1905 747 1956 tom.
767 1902 838 1969 XXI,
855 1909 871 1956 2
890 1921 917 1972 p.
933 1909 976 1969 46,
991 1909 1008 1956 4
1023 1905 1135 1972 (συναρ-

115 1973 232 2027 πάζεται
251 1975 266 2025 ὁ
286 1974 435 2043 ἀκροατής)
455 1978 483 2027 et
502 1991 519 2027 a
538 1975 681 2043 Stephano
700 1974 730 2026 in
748 1973 833 2028 Arist.
848 1974 930 2028 Ehet.
950 1975 994 2028 ed.
1009 1975 1058 2028 Ac.
1074 1975 1135 2029 Ber.

119 2041 183 2094 XXI
201 2060 228 2111 p.
244 2048 304 2109 299,
320 2049 335 2096 8
355 2048 551 2112 (συναρπάζειν
570 2048 621 2099 τὸν
640 2047 801 2114 ἀκροατήν).

189 2113 240 2168 col.
255 2113 294 2167 ΠΙ
317 2122 372 2168 v.1
397 2124 456 2181 τοῖς
479 2119 599 2183 λέγουσι,
626 2133 698 2183 quae
716 2116 843 2185 proxime
866 2117 902 2169 ad
921 2116 1057 2184 reliquias
1081 2133 1138 2169 ser-

117 2187 199 2238 vatas
218 2186 364 2252 accedunt,
384 2186 461 2240 nullo
480 2189 563 2240 modo
583 2190 661 2240 recta
681 2203 741 2240 esse
759 2190 885 2255 possunt.
922 2187 996 2241 Nam
1016 2187 1136 2255 scriptor

118 2257 244 2309 animum
258 2274 354 2311 eorum
368 2258 418 2324 qui
432 2258 532 2327 legunt
545 2275 577 2311 so
592 2261 705 2312 tantum
719 2259 802 2312 modo
813 2275 913 2327 capere
928 2260 1136 2329 (συναρπάζειν)

116 2331 220 2397 potest,
238 2331 270 2382 ut
289 2330 446 2382 concedant
464 2346 498 2383 ea
516 2345 581 2383 vera
600 2345 660 2383 esse
679 2345 751 2397 qnae
770 2329 819 2383 ille
837 2331 899 2399 ipse
919 2330 1003 2395 dicat,
1027 2346 1084 2382 non
1103 2347 1137 2384 ea

120 2417 194 2467 quae
213 2398 264 2454 alii
283 2400 388 2454 dicant.

189 2478 244 2526 v.2
273 2471 395 2541 exempli
424 2488 510 2525 causa
538 2472 638 2541 scripsi
666 2474 844 2539 ἐδογμάτισα.
892 2471 945 2525 hoc
973 2471 1137 2541 scriptorem

117 2543 222 2596 dixisse
241 2545 319 2612 puto,
339 2559 369 2596 se
387 2543 460 2596 nihil
479 2542 618 2597 affirmare
637 2542 723 2596 nullis
743 2543 849 2596 additis
868 2543 1050 2613 argumentis.

190 2620 247 2668 ν.4
270 2617 466 2683 περιθεωρεῑτε
489 2617 507 2669 i.
523 2632 546 2670 e.
571 2616 606 2668 ab
629 2615 758 2669 omuibus
779 2614 917 2684 partibus,
942 2617 1024 2668 acute
1046 2614 1137 2668 consi-

117 2686 215 2740 derare
235 2688 263 2741 et
283 2687 450 2740 examinare.

189 2775 213 2811 v.
230 2758 279 2830 ⁶s⁷
302 2760 340 2822 ὡς
366 2761 411 2812 καὶ
437 2760 565 2827 ἔνανχος]
591 2757 711 2812 fortasse
737 2757 803 2810 inde
830 2757 899 2810 afr.
914 2756 1005 2810 XXIII
1033 2756 1086 2810 col.
1100 2756 1140 2809 ΠΙ

118 2834 201 2882 ν.13.

190 2918 214 2952 ν.
231 2906 263 2953 10
283 2903 431 2968 ἐφιστάναι
446 2899 559 2969 scripsi;
587 2900 645 2953 iam
659 2899 730 2953 Heb.
746 2902 775 2953 et
789 2899 849 2954 Kal.
869 2918 897 2969 p.
913 2905 964 2952 433
985 2902 1137 2968 ἐφεστάναι

117 2986 135 3021 a
150 2985 179 3023 se
194 2971 356 3040 suppletum
371 2972 504 3025 dubitant
517 2989 583 3023 num
599 2975 708 3024 rectum
722 2971 767 3037 sit,
783 2971 858 3040 quod
873 2971 1014 3042 Diogenes
1029 2987 1140 3040 semper

118 3039 245 3109 longiore
264 3043 354 3096 forma
373 3046 520 3112 ἑστηκέναι
537 3045 641 3096 utatur.
680 3045 828 3110 ἐφιστάναι
851 3044 905 3097 τινί
928 3044 1053 3097 animum
1076 3059 1138 3096 con·

117 3116 269 3235 oertprpffi
276 3115 384 3182 aliquid
398 3115 465 3168 inde
480 3114 515 3167 ab
530 3113 683 3168 Aristotele
696 3132 752 3167 non
767 3114 890 3167 insolens
906 3116 956 3168 est.
982 3113 1031 3167 cfr.
1046 3112 1137 3166 Praei.

192 3273 217 3308 ν.
234 3261 267 3307 13
287 3258 508 3325 ἐπιστρέφοντας
526 3256 704 3310 intransitive
724 3257 833 3310 scilicet
851 3256 972 3323 dictum,
998 3265 1031 3309 ut
1056 3272 1139 3324 saepe

118 3327 274 3395 posteriore
300 3329 401 3380 aetate.
447 3329 566 3397 scriptor
592 3330 688 3382 monet
714 3329 787 3382 cives
814 3345 887 3393 suos,
915 3343 951 3381 ne
977 3327 1092 3382 confuse
1111 3329 1141 3380 et

119 3397 258 3466 permixte
273 3399 423 3469 (ποικίλως)
438 3402 499 3453 tum
513 3400 585 3453 hanc
600 3401 661 3452 tum
675 3399 755 3452 illam
773 3400 804 3452 in
817 3401 928 3468 partem
947 3399 1139 3468 inscriptionis

119 3471 286 3524 convertant
310 3470 413 3536 oculos,
439 3473 472 3524 ut
494 3473 706 3538 praetereuntes
730 3471 827 3524 facere
848 3471 950 3523 mmm
970 3468 1091 3540 susim
1108 3468 1185 3556 W&

122 3541 268 3595 bescentes
288 3541 429 3611 homines,
453 3543 504 3597 sed
526 3544 562 3596 ut
584 3542 623 3597 a'n
645 3542 736 3596 initio
759 3558 801 3594 ex
823 3538 933 3592 σταται,
951 3527 1195 3582 maxsum-
