2430 3840
519 160 698 214 -xJn

99 332 131 389 id
155 335 200 391 661
223 331 260 388 ad
283 331 336 390 ira·
352 331 482 389 28-29
507 329 670 389 6661661166
694 331 887 388 continentia
919 348 986 388 cum
1009 329 1117 405 quibus

99 423 163 480 sive
186 422 309 495 propter
336 421 433 479 solum
460 421 669 497 argumentum
697 420 759 478 sive
783 421 874 477 etiam
896 421 1018 495 propter
1039 419 1117 477 alias

99 528 205 568 causas
228 541 265 549 —
286 527 396 587 magna
425 509 523 584 spatia
551 527 642 583 supra
671 507 840 566 columnam
866 510 896 567 et
918 527 937 566 a
960 506 1063 566 dextra
1088 511 1118 566 et

96 600 222 657 'sinistra
244 600 330 673 parte
354 598 508 656 columnae
531 597 637 655 relicta
658 628 696 638 -
718 597 924 674 coniungenda
947 598 1116 674 661111168-

96 690 201 746 menta
224 706 351 762 quorum
370 687 405 744 de
425 686 585 745 altitudine
604 686 680 744 nihil
699 689 817 744 constat
837 688 876 744 27
898 677 1005 767 (LVI),
1029 687 1117 745 30-

99 777 142 836 32
172 768 401 856 (LIX-LXI).
449 795 483 835 ac
509 775 640 850 primum
668 775 789 850 quidem
816 778 942 850 apparet
969 780 1036 833 eum
1065 777 1117 850 qui

96 866 153 924 has
176 866 339 924 sententias
366 865 525 940 insculpsit
546 864 578 922 id
597 883 717 939 operam
742 864 871 938 dedisse,
893 867 928 922 ut
951 865 1116 923 sententiae

99 955 130 1012 16
153 973 214 1013 666
237 955 338 1029 lapide
361 955 497 1029 inceptae
520 955 551 1010 16
576 952 678 1012 eodem
701 953 792 1024 etiam
815 953 980 1012 finirentur.
1013 955 1116 1028 itaque

96 1044 211 1102 factum
235 1047 288 1110 est,
312 1046 346 1101 ut
363 1044 399 1103 fr.
416 1044 456 1101 27
478 1036 575 1124 (LVI)
595 1042 818 1116 (1666161628
837 1034 949 1121 (LVII)
970 1043 1116 1115 undecim,

94 1133 132 1190 fr.
150 1133 190 1192 29
207 1124 335 1213 (LVIII)
354 1151 460 1192 novem
479 1135 601 1190 tantum
618 1132 728 1190 habeat
742 1149 857 1207 versus3
876 1131 911 1189 de
930 1133 1035 1190 ceteris
1055 1151 1114 1190 non

95 1223 223 1280 constat.
259 1241 326 1280 oum
348 1221 444 1298 igitur
466 1223 663 1298 cognoscatur
685 1239 824 1278 versuum
842 1221 958 1278 numeri
977 1240 1044 1279 eum
1062 1223 1116 1297 qui

65 1335 67 1339 ¹
97 1311 255 1386 insculpsit
277 1310 426 1369 rationem
453 1329 512 1368 non
535 1309 687 1382 1161161666,
711 1309 962 1368 verisimillimum
987 1327 1049 1368 esse
1072 1311 1116 1368 vi-

95 1398 198 1474 detur,
230 1418 415 1475 quamquam
441 1417 582 1458 versuum
610 1417 750 1456 numerus
782 1417 842 1456 non
869 1398 949 1456 idem
977 1401 1035 1472 661,
1062 1398 1116 1457 hos

96 1489 214 1564 lapides
243 1488 338 1547 eidem
366 1487 500 1564 lapidum
529 1487 616 1547 seriei
639 1486 844 1546 attribuendos
872 1506 933 1546 esse
957 1489 1047 1562 atque
1071 1507 1115 1546 66-

96 1581 177 1636 16166
205 1577 320 1654 lapides
349 1597 441 1653 aeque
468 1595 607 1654 magnos,
636 1577 688 1652 qui
715 1578 745 1634 et
773 1576 934 1652 epistulam
963 1577 1001 1635 ad
1028 1577 1116 1634 Anti-

95 1669 220 1742 patrum
243 1669 273 1725 61
296 1668 425 1726 ethicam
448 1667 681 1742 disputationem
705 1666 948 1742 complectuntur.
987 1666 1115 1742 quodsi

66 1745 71 1756 ’
94 1758 160 1814 1616
184 1757 319 1831 facimus,
343 1756 414 1832 quid
432 1774 534 1814 rursus
552 1755 737 1831 probabilius
756 1757 810 1829 est,
834 1774 924 1830 quam
942 1756 1016 1815 hacc
1035 1756 1115 1833 frag-

96 1847 199 1903 menta
226 1863 293 1903 cum
321 1848 428 1921 quinto
456 1845 570 1905 decimo
598 1845 652 1902 Illo
680 1863 768 1903 versu
795 1864 849 1922 per
875 1847 972 1904 totam
1001 1845 1115 1904 ethicae

95 1934 315 1993 dissertationis
342 1935 561 2012 longitudinem
590 1936 780 2009 percurrente
808 1934 1014 2010 coniungenda
1042 1953 1114 2009 esse,

95 2041 165 2081 cum
184 2024 209 2081 is
234 2042 351 2098 quoque
375 2024 537 2082 sententias
558 2020 730 2081 contineat?
763 2022 842 2098 quod
861 2023 1115 2098 simplicissImum

94 2113 128 2169 in
141 2111 263 2170 modum
276 2111 319 2191 fit,
338 2113 364 2170 si
384 2114 523 2186 quintum
542 2112 690 2170 decimum
708 2112 795 2169 illum
809 2129 927 2170 versum
944 2111 1041 2170 ethica
1055 2112 1114 2171 dis-

94 2201 254 2276 putatione
276 2199 362 2259 finita
385 2201 432 2258 his
454 2203 487 2258 in
509 2200 661 2275 lapidibus
679 2201 764 2258 iuxta
788 2200 1022 2275 disputationem
1048 2204 1113 2261 sitis

93 2291 301 2348 continuatam
325 2307 387 2348 esse
411 2290 600 2348 arbitramur.
634 2308 669 2346 ex
692 2307 725 2347 eo
746 2291 846 2347 autem
865 2292 1009 2364 sequitur,
1034 2292 1114 2365 quod

96 2378 220 2437 maximi
241 2379 385 2438 momenti
403 2381 456 2452 661,
476 2382 517 2452 61,
542 2378 618 2436 61661
636 2377 705 2436 illas
726 2380 889 2437 sententias
908 2379 1031 2454 Epicuri
1051 2397 1113 2438 esse

94 2470 227 2542 constat,
258 2469 302 2526 ita
330 2468 385 2526 1166
418 2485 535 2544 quoque
564 2467 693 2542 Epicuro
723 2466 919 2526 vindicandae
951 2469 1019 2527 6161.
1065 2469 1113 2527 vel

94 2557 196 2632 potius
219 2575 286 2617 cum
309 2557 341 2615 in
359 2556 550 2634 gnomologio
573 2556 702 2631 quodam
724 2574 791 2614 cum
811 2557 934 2632 Epicuri
957 2559 1113 2617 sententiis

96 2646 257 2706 Metrodori
295 2666 411 2721 quoque
448 2645 606 2704 nonnullas
648 2647 823 2704 coniunctas
860 2662 923 2704 esse
959 2647 1112 2706 videamus

93 2726 235 2815 (Wiener
252 2735 374 2794 Studien
395 2736 436 2810 X,
462 2737 523 2793 191
536 2727 625 2815 sqq.),
653 2735 768 2792 cautius
797 2734 954 2793 dicendum
977 2739 1035 2811 est,
1061 2755 1114 2795 seu

15 2825 24 2840 ⁶
96 2823 219 2898 Epicuri
245 2845 298 2884 666
329 2824 492 2883 Metrodori
523 2843 576 2882 scu
604 2823 748 2899 Polyaeni
776 2842 827 2882 seu
854 2823 1031 2883 Hermarchi
1058 2827 1112 2885 has

93 2915 258 2972 6661661166
287 2932 350 2973 esse
378 2906 444 2994 (cfr.
472 2931 549 2988 quae
576 2912 724 2971 Usenerus
753 2912 888 2989 disputat
916 2913 1018 2972 eodem
1046 2915 1111 2974 loco

94 3021 124 3076 p,
142 3003 203 3059 187
228 3005 258 3061 61
281 3005 432 3076 Epicurea
455 3023 483 3078 p.
498 3001 566 3060 LIX
576 2992 663 3082 666).
701 3002 834 3077 profecto
859 3004 1002 3062 sermonis
1026 3023 1112 3062 usum

94 3108 162 3147 cum
185 3091 308 3166 Ilpicum'
331 3092 471 3167 loquendi
495 3091 707 3151 consuetudine
730 3093 857 3150 maxime
882 3110 1044 3171 congruere
1068 3095 1112 3152 fa-

95 3179 151 3238 cile
178 3180 274 3238 videri
300 3184 411 3256 potest,
441 3184 471 3239 61
498 3182 603 3256 postea
630 3181 775 3238 nonnulla
803 3200 879 3256 quae
910 3183 1020 3241 similia
1049 3198 1112 3243 esse

92 3268 234 3327 videntur
257 3269 414 3328 adnotabo.

163 3355 334 3416 Ceterorum
353 3359 587 3436 fragmentorum
607 3375 683 3432 quae
697 3360 777 3416 inter
795 3378 825 3418 66
844 3360 1022 3418 cohaereant
1036 3379 1112 3434 quac

92 3464 153 3504 666
178 3447 364 3521 cohaereant,
387 3448 475 3505 facile
498 3447 692 3522 intellegitur.
730 3466 765 3504 ex
788 3449 884 3506 altero
906 3449 1041 3524 lapidum
1066 3468 1112 3508 or·

92 3534 162 3594 dine
193 3528 340 3618 (cc-50
359 3528 419 3617 cm)
451 3536 488 3594 ad
517 3535 751 3612 disputationem
780 3538 946 3612 phgsioam
966 3536 1138 3605 sermm&
