2430 3840
497 168 719 232 „75-

98 323 154 380 Cic.
174 325 254 379 Tusc.
269 325 308 379 III
324 331 365 392 13,
377 329 410 377 33
431 325 488 394 (Us.
503 324 537 379 fr.
552 327 615 396 444)
635 325 760 394 Epicuro
784 334 875 381 auteur
895 327 985 395 placet
1008 327 1115 393 optule-

97 414 159 450 uem
181 397 250 451 mali
272 398 472 467 ueqrituds‘ueru
495 414 550 451 esse
571 405 676 452 uutura
702 398 745 468 [eu
768 404 873 452 oratura
897 397 967 452 coni.
983 396 1058 468 Us.],
1085 403 1117 451 ut

97 469 259 536 quicumque
281 470 424 523 intueatur
446 470 478 522 e'u
501 469 615 537 aliquod
637 471 729 523 areius
746 471 864 534 uuluae,
881 471 907 522 si
925 469 955 522 iel
973 468 1027 523 sibi
1045 469 1115 522 aeri-

97 540 169 593 ds‘sse
187 541 322 607 opiuetur,
340 543 376 594 sit
394 541 524 594 coutiuuo
542 544 574 593 iu
587 541 767 610 aequitudiue.
800 540 897 607 Itaque
911 539 1031 608 scriptor
1046 538 1116 592 dicit

97 610 240 664 naturales
268 611 460 681 aegritudines
488 629 517 664 se
546 611 702 666 coercuisse
729 613 854 677 tantum,
883 613 990 665 ceteras
1019 613 1115 664 autem

97 681 226 735 funditus
245 683 422 751 exstirpasse.

169 771 193 808 v.
205 759 237 806 11
253 758 352 821 κομιδῆ
367 754 492 822 pertinet
508 755 545 807 ad
561 757 681 822 μακρόν,
697 753 745 808 cfr.
761 754 798 807 ad
816 753 850 809 fr.
860 753 925 807 VIII
939 754 991 807 col.
1002 753 1040 806 IV
1055 771 1078 805 v.
1091 759 1115 807 ⁸2.

168 843 192 878 v.
205 831 237 878 12
248 843 300 878 vox
310 828 492 892 ἐλαχιστιαῑος
501 826 571 880 alibi
581 828 691 879 exstare
700 842 757 878 non
767 825 885 893 videtur,
896 824 945 880 cfr.
956 843 983 893 p.
991 824 1115 879 XXXIII.

168 914 193 950 v.
210 902 243 949 14
262 897 298 950 de
316 897 407 950 forma
425 904 504 952 ποεῖν
524 898 572 951 cfr.
593 897 709 952 tronea
729 898 866 952 Memorio
885 897 999 951 Hercul.
1015 901 1076 949 116.

97 1038 148 1092 tn
168 969 209 1022 fr.
225 969 275 1022 III
294 968 345 1023 col.
360 968 387 1021 Π
405 986 429 1022 v.
445 974 461 1020 2
491 967 609 1039 Cynicos
633 971 662 1022 et
682 968 848 1037 Cyrenaicos
872 968 1055 1037 philosophos
1073 967 1116 1020 in-

111 1054 127 1092 e
151 1055 165 1092 e
189 1040 217 1092 't

166 1057 210 1165 II·-
224 1110 266 1166 IV
285 1111 336 1166 eol.
351 1110 372 1163 I.
406 1111 440 1163 de
460 1109 516 1163 alio
536 1127 637 1179 genere
662 1111 808 1164 hominum
831 1111 916 1179 atque
935 1110 969 1163 fr.
984 1109 1024 1162 HI
1042 1126 1116 1162 nunc

96 1180 230 1250 loquitur,
250 1183 285 1236 de
303 1182 339 1235 iis
359 1182 483 1250 quinon
502 1183 599 1250 aperte
617 1181 748 1235 inutilem
766 1181 974 1252 physiologiam
1000 1181 1118 1247 ducunt,

97 1254 147 1306 sed
161 1270 206 1308 res
220 1271 277 1307 non
292 1252 491 1322 comprehendi
505 1268 589 1321 posse
602 1255 713 1322 putant,
728 1257 760 1307 ut
770 1252 893 1322 Sceptici
907 1255 936 1306 et
945 1252 1116 1306 Academici.

167 1331 223 1380 πο
252 1327 380 1394 ἐγβολής]
406 1324 424 1376 i.
444 1340 467 1377 e.
495 1324 610 1379 reiectio.
654 1327 794 1391 ἐκβάλλειν
822 1339 906 1392 saepe
929 1323 1033 1376 habere
1062 1323 1117 1374 vim

96 1397 230 1451 reiciendi
248 1399 344 1450 monet
363 1395 477 1449 Usener.

170 1487 194 1521 ν.
210 1473 225 1520 0
246 1469 366 1535 σχήματι
384 1483 435 1536 pro
453 1468 630 1534 προσχήματι
648 1468 681 1519 ut
700 1482 783 1535 saepe
804 1466 860 1519 dici
878 1465 998 1518 videtur.

169 1557 194 1592 v.
216 1545 248 1592 12
282 1541 299 1592 ἃ
328 1540 432 1606 μήποθ’
455 1540 544 1608 stipa]
577 1538 629 1590 HK
652 1556 679 1606 p.
699 1543 751 1590 437
785 1540 951 1606 comparant
982 1536 1016 1590 fr.
1040 1535 1117 1588 XXV

98 1610 148 1662 col.
164 1611 176 1662 I
198 1628 223 1663 v.
240 1615 273 1663 13
301 1611 336 1664 εἰ.
350 1653 355 1664 .
368 1654 372 1664 .
385 1611 546 1676 ,ἐπίσκεψιν
570 1613 626 1676 εἶχε
633 1652 724 1677 ......
751 1611 902 1676 ἐβούλοντο
926 1610 951 1662 δ’
970 1609 1049 1661 οὗτοι
1066 1609 1117 1671 τὰς

98 1682 198 1748 ἀρετὰς
221 1685 318 1750 λέγειν,
347 1684 362 1736 ὃ
382 1685 417 1748 δή
442 1686 487 1735 καί
506 1683 607 1750 ἀληθὲς
625 1684 784 1749 ἐπύνχανεν,
805 1683 888 1736 οὐδὲν
908 1679 966 1733 ἄλλ’
985 1681 1040 1734 ἔδει
1058 1696 1117 1732 ποι-

98 1759 146 1819 εῖν,
175 1757 241 1819 ἢ...
257 1755 287 1806 et
309 1754 342 1807 fr.
358 1753 409 1806 XII
432 1752 537 1808 col.III
560 1761 616 1807 v.2
645 1753 668 1807 εί
697 1753 870 1819 ἀντιτεθήκει
877 1794 986 1816 .......
1016 1751 1117 1817 σχεδὸν

98 1824 221 1890 ἐγχειρεῖ.
258 1826 307 1878 sed
330 1825 383 1878 hoc
407 1827 567 1894 exemplum
592 1824 676 1878 aliter
695 1823 919 1894 intellegendum
943 1826 999 1888 est,
1027 1837 1118 1888 neque

97 1894 128 1946 in
150 1894 200 1948 illo
225 1912 294 1963 opus
318 1899 379 1948 erat
403 1896 496 1950 dicere
524 1898 539 1950 ὃ
564 1900 663 1963 δήκαὶ
686 1899 787 1964 ἀληθὲς
811 1898 962 1962 ἐτύνχανεν
982 1896 1024 1961 ἂν,
1053 1911 1117 1945 nam

97 1981 192 2018 verum
212 1969 255 2019 est
273 1967 360 2020 etiam
381 1969 452 2031 tum,
478 1968 503 2020 si
520 1971 665 2036 negarent.
702 1971 848 2035 praeterea
867 1982 981 2035 prorsus
1001 1964 1056 2018 alia
1076 1968 1118 2018 est

97 2053 142 2090 res
161 2037 190 2090 in
209 2037 350 2090 sententia
367 2038 485 2091 relativa
508 2055 580 2106 quae
604 2039 719 2091 modum
742 2038 952 2093 coniunctimm
970 2036 1057 2089 habet
1077 2038 1118 2089 at-

98 2124 152 2177 que
171 2109 201 2160 in
220 2109 337 2176 apodosi
356 2109 552 2162 condicionali.
590 2113 685 2162 tamen
710 2109 782 2162 nihil
806 2109 973 2162 mutandum
998 2110 1041 2162 est
1060 2106 1116 2176 (Us.

97 2179 230 2248 proponit
256 2180 273 2232 0
302 2182 335 2233 οὐ
365 2180 469 2245 μήποθ’
497 2183 591 2249 εὕρη);
630 2181 678 2234 cfr.
707 2180 786 2233 Blass
812 2181 935 2234 Grumur.
960 2180 986 2232 d.
1006 2186 1117 2232 uculest.

100 2252 206 2306 Grleols.
227 2256 295 2314 463,
308 2257 335 2304 l:
356 2249 425 2317 „Die
444 2251 631 2320 Mogliohkeit
651 2252 705 2304 des'
718 2251 837 2304 Fehlens
856 2269 910 2305 von
930 2253 964 2305 ἂν
983 2250 1054 2303 wird
1073 2249 1120 2302 fiir

98 2325 175 2387 ὅστις
193 2321 357 2390 behauptot.
376 2321 443 2374 aber
460 2322 595 2392 nirgends
615 2323 746 2376 stimmen
765 2321 820 2376 alle
841 2323 953 2392 Zeugen
973 2327 1023 2374 πα*
1039 2322 1118 2391 (eita-

97 2397 144 2447 tur
162 2393 263 2448 Matth.
280 2398 321 2460 10,
333 2398 375 2460 33,
394 2392 490 2447 Jacob.
506 2399 530 2458 2,
543 2397 587 2462 10)
611 2397 640 2448 et
659 2396 739 2460 „door
758 2393 830 2446 ohne
850 2396 884 2447 ἂν
903 2393 997 2447 Herm.
1012 2393 1037 2447 S.
1054 2392 1119 2446 VIII

98 2471 167 2532 11‚3
188 2465 313 2536 (dmalV‘.
351 2480 423 2532 quae
443 2465 558 2532 quidem
581 2465 722 2534 exempla,
742 2481 914 2532 quamquam
939 2465 1025 2516 dubia
1044 2468 1118 2528 sunt,

98 2537 189 2606 magis
213 2537 250 2590 ad
273 2537 347 2589 hunc
371 2535 464 2590 locum
493 2537 641 2606 quadrant.
679 2536 757 2590 locus
781 2536 902 2590 Hermae
927 2535 1039 2589 Similit.
1054 2534 1120 2587 VIII

99 2614 131 2661 11
162 2614 204 2674 §3
229 2608 315 2677 (apud
339 2607 587 2678 Hilgendorffium)
611 2609 652 2662 sio
674 2608 792 2678 legitur:
826 2611 924 2675 ,,ὅσοι“
948 2622 1043 2674 φησιν,
1072 2608 1118 2673 „ti

99 2682 166 2747 ὅλης
198 2681 312 2748 καρδίας
344 2682 439 2734 αὐτῶν
473 2682 679 2749 [μετανοήσωσι
712 2681 768 2748 καί]
802 2680 972 2746 καθαρίσωσι
1001 2679 1120 2742 ἑαυτοὺς

101 2794 211 2819 .......
240 2753 378 2818 λήψονται
396 2753 478 2819 ἴασιν,
498 2753 560 2805 ὅσοι
579 2754 618 2820 δέ,
638 2752 717 2819 φησί,
745 2756 891 2817 προσθῶσι
916 2753 1035 2804 καί
1054 2750 1120 2802 ἀνα-

100 2825 735 2964 013131·1133111βὲ130βὲ
749 2822 792 2946 ἕξ
807 2822 1120 2962 detestatus

99 2963 236 3031 narses
255 2972 290 3018 44
313 2966 397 3034 (circa
417 2971 450 3020 86
475 2984 499 3020 a.
515 2964 600 3032 Chre:
639 2968 701 3020 ὅσοι
725 2966 900 3031 ἀναλάβωσιν
923 2967 959 3017 τὰ
984 2965 1055 3017 ὅπλα
1074 2966 1119 3016 καί

101 3078 161 3089 ....
177 3037 394 3104 ἀναγράψωνται
413 3040 442 3091 et
461 3037 532 3090 Bull.
549 3036 622 3091 Corr.
639 3037 672 3092 H.
687 3037 726 3090 VI
736 3042 788 3090 439
808 3035 852 3088 tit.
864 3034 985 3103 Palmyr.
997 3035 1119 3104 (Ditten-

99 3107 200 3176 berger
216 3107 260 3161 Or.
276 3111 356 3162 lusor.
370 3108 396 3161 H
411 3111 473 3178 331)
492 3107 554 3162 Illb
570 3114 603 3162 90
623 3111 654 3174 ὃς
673 3110 753 3173 κενὸς
772 3108 894 3174 είσαχθή.
920 3107 1013 3160 omnia
1031 3105 1120 3174 igitur

100 3194 169 3231 sana
193 3180 270 3244 sunt,
298 3179 464 3248 praesertim
487 3198 551 3234 cum
573 3179 688 3234 litterae
711 3181 729 3233 a
753 3179 856 3246 μήποθ’
875 3181 942 3246 εὕρη
968 3179 997 3230 in
1021 3192 1119 3230 rasura

99 3251 168 3315 sint3
203 3253 343 3304 correctae
368 3252 457 3321 igitur
482 3256 559 3319 sunt,
587 3255 620 3306 ut
646 3250 711 3304 fr.I
737 3250 800 3319 (HK
815 3254 859 3319 59)
887 3249 966 3303 coll
991 3267 1014 3302 v.
1032 3255 1063 3301 12
1091 3251 1120 3300 et

98 3322 132 3376 fr.
147 3320 224 3374 XXV
251 3320 313 3390 (ΗΚ
333 3325 376 3391 66)
403 3322 483 3376 coll
507 3341 531 3376 v.
549 3329 582 3376 10
609 3325 637 3376 et
667 3324 700 3376 fr,
716 3321 832 3374 XXXIX
859 3321 980 3391 (Hace)
999 3320 1026 3373 11
1052 3338 1077 3373 r.
1095 3326 1119 3372 1.

99 3410 190 3449 sermo
210 3393 334 3462 vulgaris
354 3396 404 3447 est.

170 3465 222 3519 col.
238 3464 263 3516 Π
282 3483 304 3517 v.
323 3473 334 3518 1
361 3465 506 3533 ἐμβαίνειν,
533 3466 609 3534 quod
633 3465 783 3536 supplem„
806 3482 877 3517 cnm
896 3461 1071 3513 assssatxao
1089 3456 1150 3501 cn.

99 3537 189 3592 Praef.
203 3556 231 3607 p.
248 3536 327 3590 XLII.
