2430 3840
535 146 738 202 ..XXI-

128 324 158 379 et
185 322 219 378 ut
248 320 371 395 Epicuri
399 314 508 391 κυρίας
537 314 634 390 δόξας
663 316 700 374 ab
729 336 763 375 eo
790 316 889 375 afferri
912 318 1077 390 videamus,
1100 319 1145 376 ita

128 409 290 484 epistulam
306 427 423 483 quoque
441 407 535 482 ipsius
555 407 678 481 Epicuri
697 407 796 464 afferri
814 406 890 464 nihil
909 407 1053 481 impedire
1072 426 1144 481 quo-

126 499 226 556 minus
250 498 412 556 credamus.
449 500 578 554 ceterum
602 495 637 554 de
661 495 789 571 epistula
812 495 935 571 Epicuri
957 495 995 554 ad
1018 499 1145 554 matrem

129 587 201 646 data
220 589 276 645 etsi
295 587 371 644 nihil
391 584 488 644 adhuc
507 585 717 658 audiverimus,
735 587 836 642 tamen
852 584 1047 659 epistularum
1067 604 1145 660 quae

130 677 227 735 simile
253 676 384 734 habeant
413 678 621 751 argumentum
656 674 825 750 fragmenta
854 677 968 732 exstare
996 673 1046 732 Us.
1071 675 1145 747 Epi-

130 783 218 824 curea
239 785 268 840 p.
286 765 469 835 res—158,
494 782 528 821 ex
553 762 659 837 quibus
682 783 774 821 unum
794 754 842 844 (fr.
860 755 938 843 184)
962 764 1087 822 fortasse
1107 763 1145 820 ad

131 853 251 912 eandem
282 854 443 929 epistulam
471 852 620 928 pertinere
653 856 743 927 atque
775 852 831 911 hoc
859 852 939 928 quod
967 871 984 908 a
1012 851 1145 930 Diogene

130 946 279 1002 servatum
303 946 355 1001 est.
396 941 492 999 dicere
516 943 594 999 enim
617 942 782 1017 Epicurum
804 943 837 998 in
854 941 908 998 illo
927 942 1094 1018 fragmento
1114 961 1145 1000 se

129 1034 290 1107 quotannis
314 1035 431 1092 centurn
456 1034 486 1089 et
505 1030 615 1107 viginti
638 1030 794 1089 drachmas
813 1033 946 1105 accipere
969 1030 1045 1088 velle
1065 1025 1143 1104 παρ’

130 1116 293 1195 ἐκατέρου,
316 1123 348 1178 in
372 1122 407 1178 fr.
432 1123 531 1178 autem
555 1118 653 1177 LXIV
671 1120 725 1180 col.
740 1120 787 1177 ΠΙ
811 1112 900 1200 (Heb.
916 1123 946 1177 et
959 1119 1025 1176 Kal.
1041 1120 1076 1176 fr.
1089 1112 1145 1197 24)

127 1211 191 1268 v.8
215 1229 269 1269 nos
292 1210 390 1288 legere
423 1206 541 1268 οὐκοῦν
570 1204 722 1282 ἑκάτερον
746 1205 835 1283 ὑμῶν
855 1204 919 1286 ἰδίᾳ
943 1208 991 1266 δεῖ
1016 1208 1143 1282 βαρεῖσ-

129 1301 182 1358 θαι
206 1294 244 1358 bt’
268 1294 359 1372 ἡμᾶς.
396 1298 447 1357 sed
469 1298 545 1356 hauc
570 1298 795 1356 similitudinem
816 1296 934 1371 Cousin,
957 1301 992 1355 ut
1014 1300 1078 1373 ipse
1101 1297 1144 1354 di-

128 1388 182 1462 cit,
210 1407 271 1446 non
298 1406 434 1463 premens
461 1387 493 1444 id
520 1388 709 1462 potissimum
737 1389 850 1460 monet,
879 1385 1010 1444 Cleontis
1037 1404 1145 1445 nomen

129 1480 159 1535 et
186 1477 235 1536 hic
264 1469 314 1558 (fr.
333 1476 430 1535 LXIV
454 1476 569 1535 col.HI
593 1497 620 1535 v.
638 1478 655 1534 5
672 1475 794 1534 =Heb.
815 1479 845 1534 et
863 1475 929 1533 Kal.
953 1476 989 1533 fr.
1005 1478 1046 1533 24
1066 1496 1093 1534 v.
1110 1467 1144 1557 5)

130 1569 160 1624 et
188 1566 225 1625 ab
249 1567 379 1642 Epicuro
407 1568 528 1624 ineunte
557 1566 593 1624 ad
617 1565 792 1641 Pythoclem
818 1565 947 1640 epistula
970 1583 1145 1622 commemo-

130 1657 199 1714 rari.
241 1655 344 1731 itaque
368 1658 420 1713 aut
444 1655 480 1713 ab
505 1655 634 1729 Epicuro
659 1657 712 1712 aut
731 1654 768 1712 ab
792 1654 913 1729 aequali
937 1655 1039 1728 aliquo
1063 1654 1145 1711 illius

129 1747 275 1803 sectatore
298 1745 440 1820 scriptam
464 1763 526 1803 esse
548 1744 625 1803 hanc
649 1744 815 1820 epistulam.

195 1833 260 1891 Iam
289 1834 483 1892 confidentior
505 1832 619 1892 Usener
648 1834 667 1894 l.
689 1851 712 1891 c.
737 1853 765 1908 p.
785 1835 849 1890 424
861 1852 924 1908 sqq.
957 1834 1077 1905 statuit,
1110 1832 1145 1889 de

130 1923 190 1980 alio
209 1925 332 1982 auctore
351 1925 476 2001 cogitari
495 1942 554 1980 uon
573 1941 659 1998 posse
677 1922 737 1981 nisi
755 1922 791 1980 de
811 1923 950 1997 Epicuro,
970 1939 1035 1979 cum
1054 1940 1146 1978 unam

129 2011 206 2069 hanc
230 2013 336 2071 afferat
359 2031 486 2071 causam.
524 2030 627 2070 vocem
653 2016 683 2070 et
706 2013 857 2070 notionem
882 2007 1046 2084 εὐθυμίας,
1069 2029 1146 2086 quae

129 2118 188 2158 vox
210 2101 321 2178 legitur
349 2101 429 2176 apud
454 2100 537 2160 Gous.
557 2103 592 2158 fr.
614 2103 668 2173 30,
693 2101 766 2158 Heb.
791 2102 821 2158 et
839 2099 905 2158 Kal.
929 2100 965 2157 fr.
982 2102 1021 2158 27
1038 2092 1146 2181 (LVI),

128 2191 161 2246 in
180 2189 278 2248 ethica
297 2191 486 2249 Democritea
504 2191 602 2250 locum
622 2209 707 2249 suum
725 2189 847 2263 habere,
867 2208 885 2247 a
904 2208 964 2263 qua
983 2189 1146 2264 Epicurum

131 2297 248 2354 quoque
271 2279 401 2354 primum
424 2281 592 2354 profectum
616 2298 687 2352 esse,
710 2278 761 2337 sed
784 2297 852 2336 cum
875 2279 971 2354 magis
990 2279 1147 2356 magisque

130 2386 149 2426 a
179 2368 316 2427 doctriua
350 2369 538 2428 Democritea
574 2368 737 2427 discederet
769 2371 798 2426 et
828 2369 965 2443 proprias
994 2369 1147 2425 insisteret

130 2457 204 2532 vias,
227 2458 303 2516 hauc
328 2476 444 2533 quoque
463 2459 615 2516 notionem
640 2453 790 2530 εὐθυμίας
810 2475 878 2514 eum
897 2456 1051 2528 abiecisse,
1075 2475 1146 2514 nam

129 2566 224 2622 neque
257 2564 360 2606 vocem
392 2566 486 2622 neque
519 2549 670 2606 notionem
702 2546 733 2603 in
766 2545 885 2620 scriptis
916 2545 1040 2619 Epicuri
1070 2564 1145 2620 quae

129 2636 214 2695 nobis
238 2639 358 2695 servata
377 2641 445 2694 sunt
465 2639 588 2694 exstare.
622 2636 690 2694 inde
709 2654 863 2711 apparere,
882 2635 1042 2710 epistulam
1060 2634 1145 2693 illam

130 2724 167 2780 ab
190 2725 320 2800 Epicuro
343 2727 408 2800 ipso
433 2725 575 2799 scriptam
603 2743 664 2784 esse
687 2725 778 2799 idque
801 2726 838 2782 iis
862 2723 1055 2798 temporibus,
1079 2742 1147 2782 cum

128 2813 349 2888 philosophiam
370 2815 533 2888 discipulos
552 2814 655 2872 docere
674 2814 761 2872 modo
779 2814 932 2889 inciperet.
954 2812 1008 2871 has
1024 2811 1146 2871 Oousini

130 2904 160 2958 et
178 2900 303 2960 Useneri
326 2905 600 2979 argumentationes
623 2902 778 2961 novissimi
797 2901 924 2960 editores
948 2902 1021 2960 adeo
1044 2905 1079 2959 ut
1100 2902 1145 2961 vi·

129 2990 216 3047 detur
238 2991 380 3066 probant,
409 2996 442 3050 ut
464 3012 501 3050 ne
524 2992 614 3050 verbo
638 2992 758 3066 quidem
782 2991 883 3050 addito
912 2993 986 3051 satis
1015 2990 1148 3049 habeant

128 3079 200 3137 huic
223 3081 369 3155 epistulae
392 3085 495 3140 notam
519 3081 642 3155 Epicuri
665 3081 835 3155 imprimere
859 3073 901 3162 (p.
919 3075 1006 3161 348).

199 3167 372 3244 Spectemus
395 3171 497 3249 igitur,
522 3171 640 3245 qualem
663 3169 793 3228 habeant
815 3169 903 3228 fidem
922 3171 1056 3228 virorum
1079 3170 1146 3227 doc-

129 3260 230 3315 torum
254 3262 535 3337 argumentationes.
569 3279 602 3317 ac
626 3259 755 3334 primum
779 3259 898 3334 quidem
918 3259 997 3333 quod
1019 3259 1146 3317 maiores

130 3350 200 3405 sunt
231 3347 337 3406 horum
367 3350 602 3425 fragmentorum
635 3348 752 3405 litterae
783 3366 874 3422 quam
905 3351 1083 3421 ceterorum,
1111 3367 1145 3406 eo

128 3437 254 3495 fortasse
288 3438 418 3496 divinari
454 3441 553 3513 potest
589 3456 648 3494 non
687 3435 724 3492 ad
757 3436 879 3494 eandem
912 3436 1148 3511 disputationem

128 3525 182 3583 illa
210 3525 378 3604 fragmenta
405 3527 567 3603 pertinere,
596 3525 676 3599 quod
705 3525 830 3598 quidem
856 3527 960 3580 etium
978 3541 1019 3574 so
1038 3522 1175 3568 hemm-
