2430 3840
486 149 726 215 -101—

94 312 255 378 στήκεσανὶ
292 309 371 363 aliud
394 311 481 375 esset,
500 306 525 361 si
543 307 684 362 diceretur
703 311 756 376 τὴν
775 313 865 377 αὐτὴν
884 311 979 376 ἔχουσι
997 310 1118 374 δύναμιν.

94 383 125 437 αί
153 382 305 449 φαντασίαι
331 386 400 435 τῶν
425 382 587 434 ἀπόντων
614 385 649 448 τῆ
678 381 726 434 ότε
754 386 800 435 καί
822 383 971 448 παρόντων
997 381 1035 434 ἐκ.
1055 381 1118 446 ὑφ,

98 469 269 521 quamquam
296 452 348 506 hoe
377 468 487 520 quoque
516 450 672 520 simplicius
700 454 729 504 et
757 451 852 521 aptius
873 451 916 506 sia
940 450 998 505 diei
1019 452 1116 519 potest

94 528 150 591 τὴν
169 525 259 590 αὐτὴν
278 526 374 591 ἔχουσι
393 525 510 589 δύναμιν
529 524 557 578 αὶ
575 523 727 590 φαντασίαι
745 529 804 579 τῶν
823 525 956 579 ἀπόντων
975 526 1115 577 καὶτῶν

94 597 285 663 παρόντων.
323 593 373 648 sed
391 594 476 648 verba
493 596 564 662 πρὸς
581 597 648 659 τοὺς
670 596 794 660 ἀπόντας
811 594 941 663 sequenti
959 592 1115 647 sententiae

94 667 211 720 omnino
230 666 334 735 opponi
352 681 409 719 non
426 668 552 734 possunt,
572 681 644 732 earn,
670 667 694 719 si
713 665 868 720 Usenerum
886 666 1036 734 sequimur,
1055 661 1116 716 illie

94 739 213 806 quidem
229 737 263 791 de
278 753 312 791 ea
325 737 353 790 vi
368 753 453 805 quam
467 736 592 792 habeant
605 737 734 791 notiones
749 755 766 791 a
779 737 974 808 praesentibus
989 733 1115 799 effectae,

97 809 144 862 hie
172 810 266 863 autern
294 824 350 862 non
378 809 412 861 de
441 826 473 861 ea
496 809 533 876 vi,
561 825 647 876 quam
669 809 798 863 notiones
826 809 869 863 ab
895 805 1116 863 absentibus

96 881 247 934 effectae
265 880 398 946 habeant,
416 879 550 948 loquatur
564 880 691 948 scriptor,
710 881 759 934 sed
778 881 812 934 de
827 897 869 949 ea,
888 895 974 950 quam
991 877 1118 932 habeant

97 953 132 1005 in
156 951 317 1006 absentes
341 955 421 1022 (πρὸς
443 955 510 1017 τοὺς
533 951 701 1023 [ἀπ]όντας).
738 969 795 1006 non
816 953 906 1023 igitur
931 951 991 1004 fieri
1013 951 1116 1018 potest,

96 1026 130 1077 ut
147 1024 194 1077 bie
213 1022 311 1078 eodem
332 1025 416 1089 mollo
440 1022 584 1093 oppositos
608 1040 667 1076 esse
690 1026 821 1092 putemus
840 1023 970 1079 absentes
989 1024 1018 1075 et
1035 1035 1117 1090 prae-

95 1096 189 1150 sentes
209 1098 294 1164 atque
317 1114 341 1149 v.
358 1101 436 1148 1—3.
476 1095 573 1163 itaque
593 1095 745 1161 videamus,
769 1109 837 1150 num
855 1095 933 1149 nullo
951 1093 1037 1147 verbo
1055 1109 1117 1144 rnu-

94 1168 158 1222 tato
177 1168 317 1221 sententia
334 1166 464 1236 intellegi
482 1167 580 1234 possit.
617 1169 701 1234 atque
720 1167 774 1221 hoe
792 1167 907 1236 quidem
925 1165 1047 1235 primunr
1067 1180 1117 1231 ap·

96 1255 194 1308 parere
213 1239 284 1292 mihi
302 1238 414 1290 videtur
427 1237 519 1290 verbis
534 1241 567 1307 (v.
580 1238 606 1306 3)
625 1240 709 1293 ἁπταὶ
728 1241 780 1292 οὖιι
794 1241 876 1293 οὖσαι
890 1240 919 1292 et
932 1240 968 1307 (v.
979 1240 1006 1306 6)
1022 1238 1117 1303 ἔχουσι

94 1311 241 1364 audienda
260 1327 318 1362 esse
337 1326 394 1362 non
413 1309 527 1362 omnino
546 1309 574 1362 αὶ
591 1311 745 1376 φαντασίαι
763 1309 792 1380 (i.
808 1326 830 1362 e.
851 1325 947 1363 omnes
966 1307 1116 1375 notiones),

96 1383 146 1435 sed
176 1383 204 1436 αὶ
232 1382 384 1450 φαντασίαι
410 1385 469 1434 τῶν
497 1382 654 1447 παρόντων.
697 1381 721 1433 si
749 1381 824 1434 enirn
852 1381 971 1449 scriptor
999 1378 1118 1430 dixisset

96 1471 121 1506 v.
139 1459 152 1505 1
173 1453 214 1521 (αὶ
232 1453 396 1520 φαντασίαι)
420 1451 488 1505 εἰσὶν
512 1453 594 1505 αὖταὶ
613 1455 659 1506 καὶ
678 1455 714 1518 μὴ
734 1454 884 1520 παρόντων
903 1455 948 1506 καὶ
966 1453 1116 1518 παρόντων

96 1525 223 1592 (eaedem
246 1524 303 1577 sint
326 1526 355 1576 et
379 1523 539 1576 absentium
558 1524 586 1574 et
608 1523 800 1590 praesentium
827 1523 976 1591 notiones),
1001 1520 1116 1574 voeibus

95 1596 180 1648 οὖσαι
199 1597 228 1647 et
246 1598 341 1662 ἔχουσι
365 1593 508 1661 audienda
531 1595 605 1646 esset
627 1595 655 1648 αἱ
674 1596 838 1664 φαντασίαι,
863 1596 914 1648 sed
931 1610 995 1647 eum
1014 1592 1049 1645 de
1068 1591 1118 1644 ab·

98 1666 220 1718 sontium
238 1667 348 1719 tantum
368 1664 530 1719 notionibus
549 1665 683 1732 loquatur
701 1668 777 1735 (nam
796 1667 824 1721 αὶ
838 1666 990 1735 φαντασίαι
1003 1669 1062 1719 τῶν
1077 1666 1115 1730 μὴ

94 1739 248 1803 παρόντων
271 1736 428 1790 subiectum
451 1738 494 1790 est
517 1737 687 1806 sententiae,
716 1740 744 1792 et
768 1739 872 1792 dieitur
894 1735 1038 1790 hastulas
1057 1750 1117 1788 asae

96 1807 195 1874 quales
222 1809 427 1876 praesentium,
455 1825 511 1862 non
534 1808 647 1862 easdem
670 1825 730 1862 esse
752 1809 805 1863 has
829 1812 858 1864 et
875 1809 950 1879 illas)
977 1807 1038 1861 fieri
1061 1823 1117 1860 non
1188 1820 1191 1827 ’

98 1880 204 1948 potest,
237 1882 269 1932 ut
296 1880 440 1948 proximae
466 1881 625 1935 sententiae
653 1880 738 1936 verbo
771 1885 867 1948 ἔχουσι
894 1883 924 1934 in
955 1880 1117 1933 uuiversum

94 1966 193 2003 omnes
212 1952 341 2005 notiones
360 1952 521 2018 audiantur,
548 1953 604 2005 nisi
624 1955 720 2020 aperte
739 1952 851 2006 dicatur
868 1959 956 2008 πόσαι
973 1953 1027 2020 γόρ
1046 1968 1117 2018 φαν-

94 2023 190 2076 τασίαι
208 2023 293 2077 ἁπταὶ
311 2025 364 2076 οὐκ
381 2025 464 2077 οὖσαι
482 2027 552 2091 ml„
581 2023 631 2076 sed
654 2024 812 2078 subiectum
829 2024 907 2077 idem
925 2040 985 2076 asse
1003 2037 1117 2076 neeesse

97 2096 142 2146 est
160 2095 245 2162 atque
263 2093 457 2147 antecedentis
476 2095 641 2148 sententiae.
679 2095 755 2162 quod
774 2096 799 2148 si
816 2099 953 2160 tenemus,
972 2095 1034 2148 tota
1055 2110 1118 2145 sen-

94 2165 188 2218 tentia
211 2165 360 2233 perspicua
382 2164 422 2218 fit.
464 2167 549 2220 ἁπταὶ
566 2167 621 2232 γὰρ
644 2167 697 2220 οὖκ
715 2167 796 2221 οὖσαι
821 2165 1033 2235 (αἱφαντασίαι
1058 2169 1118 2219 τῶν

95 2237 242 2305 ἀπόντων)
266 2241 319 2304 τήν
341 2238 432 2303 αὐτὴν
455 2239 550 2303 ἔχουσι
573 2239 690 2304 δύναμιν
697 2280 774 2294 .....
780 2242 815 2305 τῆ
836 2241 884 2292 ὅτε
903 2241 948 2292 καὶ
965 2239 1117 2304 παρόντων

95 2309 212 2362 ἐκείνων
235 2309 455 2376 ὖφειστὴκεσαν,
483 2307 501 2360 i.
521 2324 544 2361 e.
568 2309 681 2362 eoadem
712 2309 768 2363 eim
794 2310 896 2363 babent
917 2309 1041 2363 notiones
1069 2307 1116 2362 ab·

94 2380 215 2434 sentiam
240 2385 322 2448 atque
340 2385 410 2444 ίιαιι,
434 2397 495 2434 οων
513 2381 653 2448 quondam
670 2387 754 2435 antea
772 2381 830 2435 illie
843 2379 1036 2449 praesentibus
1054 2379 1116 2433 sab-

94 2452 223 2506 sisterent
240 2454 288 2521 (se.
304 2451 416 2522 animo).
444 2450 588 2519 propriam
607 2450 694 2504 habet
712 2451 949 2522 significationem
967 2467 1020 2504 vox
1038 2452 1116 2518 ὑφει-

96 2523 238 2589 στήκεσαν
266 2523 326 2590 „als
352 2523 392 2576 eie
422 2523 494 2589 (dem
524 2521 625 2590 Galate)
654 2529 852 2593 uaterqetretea
880 2527 1000 2577 ωαωπ“.
1045 2522 1118 2576 κατὰ

95 2596 303 2661 παραστάσεις
321 2595 446 2649 εἰδώλων
465 2594 575 2648 somnia
594 2593 654 2647 fieri
674 2594 743 2648 dicit
761 2595 938 2648 Democritus
952 2592 1117 2663 (Democriti

96 2665 130 2718 fr.
148 2671 198 2718 163
217 2665 314 2736 Diels).
351 2667 513 2735 praesentes
541 2667 637 2718 autem
663 2665 707 2718 illi
735 2683 759 2718 v.
776 2673 800 2733 7,
827 2669 897 2734 πρός
924 2666 974 2731 οὖς
996 2666 1024 2719 ol
1047 2682 1117 2732 φαν-

94 2738 189 2792 τασίαι
211 2744 271 2793 τῶν
294 2739 427 2792 ἀπόντων
449 2740 502 2804 τὴν
525 2739 616 2804 αὐτὴν
639 2739 756 2804 δύναμιν
775 2740 883 2805 ἔχουσι,
911 2753 968 2790 non
987 2733 1038 2789 alii
1056 2752 1117 2789 esse

96 2811 216 2875 possunt
234 2810 289 2863 nisi
308 2809 338 2876 ii,
357 2809 459 2878 quibus
479 2808 638 2862 absentium
661 2809 791 2862 notiones
810 2809 1006 2874 suboriuntur3
1037 2824 1118 2876 prae-

96 2881 191 2931 sentes
210 2884 304 2934 autem
323 2881 456 2934 dieantur
473 2879 597 2949 prolepsi
616 2880 750 2948 quadarn,
773 2897 836 2934 eum
856 2879 1029 2945 absentibus,
1049 2894 1118 2946 quo-

96 2965 159 3000 rum
183 2951 326 3020 aeeipiunt
344 2953 487 3018 notiones,
514 2953 699 3020 opponantur.
736 2955 860 3007 notiones
882 2952 1035 3007 absentiam
1053 2967 1117 3004 eae-

98 3021 159 3073 dem
176 3023 231 3074 eim
248 3024 348 3078 babeat
364 3025 397 3078 in
410 3030 577 3094 praesentes,
595 3029 676 3091 atque
694 3030 762 3090 tam,
780 3024 1031 3092 vomitionesque
1047 3024 1118 3090 (καὶ)

93 3093 286 3160 praesentiora
303 3096 397 3150 aalma
414 3113 508 3150 eorum
526 3095 712 3150 substiterant.
737 3095 785 3148 eir.
797 3095 830 3149 fr.
841 3093 931 3149 XVIII
950 3094 1001 3148 eol.
1015 3093 1041 3145 II
1060 3111 1084 3145 v.
1101 3098 1117 3146 ό

98 3163 300 3231 ἑνορθρότερσς
318 3165 344 3218 δ’
357 3169 440 3232 οὖτος
459 3167 581 3232 ἐγείνετο
600 3168 645 3221 διὰ
661 3168 695 3220 τό
710 3168 740 3221 ἐν
753 3168 861 3235 ἀμφοῖν
873 3170 955 3234 ,ἡμεῑν
969 3171 1118 3233 παροῦσι
1162 3165 1165 3172 ’

98 3235 276 3301 στρέφεσθαι
305 3237 371 3304 (non
390 3238 460 3292 dieit
474 3245 599 3306 συνοῦσι,
620 3238 670 3292 sed
683 3245 812 3306 παροῦσι,
832 3239 900 3308 quia
915 3239 949 3290 de
964 3237 1116 3306 Antipatro

98 3321 155 3359 non
182 3308 329 3373 praesente
358 3309 478 3378 cogitat,
506 3310 542 3364 cle
565 3326 620 3377 qao
643 3311 744 3379 postea
769 3309 821 3365 ool.
836 3310 876 3364 III
892 3316 949 3364 v.3
973 3309 1118 3380 loquitur.)

171 3375 223 3430 eol.
233 3377 259 3429 H
276 3396 301 3432 v.
314 3385 382 3432 1-2
398 3387 525 3434 τοιαῦται
539 3384 593 3435 καὶ
606 3384 645 3448 μὴ
659 3384 810 3449 παρόντων
824 3382 881 3437 οἷαι
895 3381 1123 3450 καὶπαρόνιωνί

98 3452 144 3504 καὶ
163 3447 299 3517 abundat,
319 3449 367 3504 efr.
387 3449 421 3504 fr.
440 3449 544 3504 XXVII
562 3450 614 3505 ool.
628 3450 655 3505 11
672 3470 697 3506 v.
713 3458 739 3505 5.

169 3519 222 3575 eol.
241 3519 281 3574 ΙΙΙ
303 3539 326 3574 ν.
346 3526 435 3576 4-10
464 3521 669 3594 supplementa
696 3524 774 3577 satis
802 3523 888 3574 sarta
915 3532 981 3566 esse
1006 3509 1169 3559 *trumm-

1199 3646 1207 3695 ί
