2430 3840
524 153 747 217 -74...

128 327 185 378 qua
204 310 324 378 scriptor
337 311 523 364 admoneatur
540 311 615 364 utin
630 310 774 380 lapidibus
789 310 910 364 aeternis
924 314 1075 381 praecepta
1094 328 1146 366 sua

128 381 244 436 incidat.
292 381 321 434 in
348 382 511 450 parenthesi
539 384 634 435 autem
662 399 711 435 cur
739 382 795 436 sibi
823 399 906 437 curae
934 399 994 438 esse
1022 383 1146 437 debeant

127 453 234 522 posteri
259 469 345 507 cansa
371 453 478 519 addita,
504 454 577 506 hanc
602 453 717 507 tertiam
748 453 831 507 affert
860 470 974 507 causam
999 454 1146 508 incidendi

127 524 219 579 libelli
247 525 298 578 col.
313 524 339 577 V
366 543 390 579 v.
406 532 431 590 4,
459 524 535 592 quod
562 525 679 578 humani
707 525 760 578 viri
787 527 838 592 est,
867 525 953 578 etiarn
981 525 1145 595 peregrinos

128 597 270 650 adiuvare.
314 597 363 650 sed
390 614 453 650 cum
478 595 575 648 multis
606 597 809 651 additamentis
835 596 920 649 nimis
945 597 1146 651 intumesceret

128 667 282 733 sententia,
310 667 367 719 iam
398 685 468 736 opus
497 670 558 721 erat
585 667 645 721 eius
672 667 786 722 initium
813 668 843 721 in
871 669 994 723 mentem
1020 668 1146 722 revocari

129 739 233 807 (col.V
255 757 279 792 v.
296 742 336 808 8);
363 741 424 792 tum
448 740 569 808 denique
593 740 720 807 sequitur
742 739 875 808 apodosis
898 739 950 794 col.
965 740 991 792 V
1008 757 1032 793 v.
1050 746 1091 793 12.
1112 772 1144 779 -

129 811 187 864 iam
206 811 294 864 videri
312 813 415 879 potest,
434 826 520 878 quam
538 811 774 880 significationem
796 810 903 864 habeat
925 827 978 864 vox
1000 813 1146 878 διαβέβηκε

130 883 181 937 col.
197 882 222 934 V
250 901 274 936 ν.
290 888 318 943 9,
347 899 431 949 quam
450 882 507 934 HK
534 900 561 951 p.
577 887 638 948 433,
666 900 730 936 cum
757 884 849 935 totum
876 883 930 936 hoc
956 882 1147 953 fragmentum

130 955 269 1022 epistulae
288 953 370 1008 alteri
390 954 503 1007 cuidam
522 955 558 1007 ad
577 955 759 1022 Antipatrum
778 954 862 1008 datae
881 953 1048 1019 attribuant,
1073 954 1147 1007 hanc

129 1026 221 1094 ipsam
249 1025 284 1078 ob
314 1041 427 1079 causam
456 1025 575 1094 perfecti
601 1025 720 1079 formam
747 1025 852 1079 habere
880 1024 1062 1079 arbitrantur.
1106 1025 1148 1080 ita

130 1097 213 1163 enim,
232 1099 264 1150 ut
282 1097 400 1164 videtur,
420 1114 483 1150 eam
498 1113 592 1150 vocem
607 1097 786 1167 intellegunt,
805 1097 887 1165 quasi
900 1097 1041 1166 Diogenes
1061 1097 1148 1162 dicat,

130 1187 192 1223 curn
212 1168 362 1236 Antipater
379 1169 531 1238 epistulam
550 1171 716 1238 accepturus
736 1168 785 1236 sit,
814 1169 942 1222 subsidia
959 1170 1147 1237 (βοηθήματα)

130 1241 189 1293 iam
207 1241 243 1292 ad
262 1240 356 1308 plures
375 1241 528 1293 transitura
547 1239 642 1306 fuisse,
668 1240 698 1292 id
718 1243 769 1306 est,
788 1240 846 1294 iam
863 1240 958 1310 plures
977 1242 1038 1292 tum
1057 1240 1149 1293 subsi-

131 1312 242 1364 diorum
267 1311 381 1365 illorum
406 1311 560 1381 participes
584 1312 695 1365 futuros
721 1329 789 1365 esse.
833 1328 906 1381 quae
931 1311 982 1377 vis,
1008 1311 1149 1379 siquidem

130 1385 206 1437 recte
226 1383 318 1436 adhuc
341 1384 522 1452 interpretati
545 1401 653 1452 sumus,
679 1383 722 1436 illi
741 1383 826 1437 verbo
849 1383 927 1436 nullo
951 1383 1033 1436 modo
1056 1382 1149 1436 inesse

130 1456 232 1523 potest.
270 1456 356 1509 immo
384 1455 479 1524 potius
503 1454 595 1509 verbis
615 1457 709 1522 ἐπειδὴ
734 1457 786 1509 οὖν
808 1456 845 1519 εἰς
868 1460 913 1510 πλ.
942 1457 1089 1522 διαβέβηκε
1112 1457 1148 1508 τὰ

132 1532 155 1594 β.
173 1545 194 1580 τ.
212 1542 249 1593 σ.,
279 1526 381 1594 quibus
406 1527 604 1595 comprehendi
627 1528 719 1580 totam
742 1526 911 1581 sententiam
935 1526 1150 1579 antecedentem

131 1599 324 1667 cognovimus,
348 1598 421 1650 nihil
444 1599 508 1651 novi
531 1599 622 1650 inesse
644 1600 746 1666 potest.
788 1599 884 1666 itaque
908 1615 940 1651 eo
963 1597 1150 1666 pervenimus,

131 1675 163 1722 ut
177 1669 268 1723 verbis
283 1673 428 1737 διαβέβηκε
443 1671 481 1733 εἷς
494 1688 555 1724 τινα
570 1669 805 1739 significationem
816 1670 976 1738 pertinendi
987 1670 1151 1738 autaliquem

22 1801 25 1807 ,
132 1741 327 1794 attribuamus.
366 1741 435 1793 dicit
454 1743 580 1810 scriptor,
600 1742 624 1794 si
642 1742 726 1808 pauci
740 1741 867 1794 homines
882 1740 960 1810 aegri
978 1741 1072 1793 essent
1090 1740 1150 1810 (cfr.

132 1813 184 1866 col.
199 1812 248 1880 ΠΙ)
267 1829 296 1864 se
316 1811 442 1881 singulos
457 1815 619 1866 sanaturum
639 1830 707 1879 esse,
727 1829 791 1865 oum
805 1814 899 1865 autem
917 1811 1033 1880 plurimi
1053 1827 1151 1881 aegro·

132 1887 194 1936 tent
212 1883 323 1951 hucque
342 1888 371 1936 et
389 1885 419 1936 hi
439 1886 466 1936 et
480 1883 524 1936 illi
544 1884 681 1938 accedant
691 1926 800 1949 .......
820 1901 884 1936 cum
897 1884 987 1953 igitur
1005 1884 1041 1936 ad
1055 1883 1151 1952 plures

133 1957 199 2025 (non
218 1955 254 2008 ad
273 1958 387 2024 paucos)
412 1955 538 2009 subsidia
557 1955 655 2024 scripti
673 1955 846 2024 pertineant,
870 1971 900 2008 se
918 1955 949 2008 in
967 1955 1079 2024 porticu
1101 1953 1153 2008 illa

133 2026 217 2079 simul
236 2027 365 2080 omnibus
383 2027 587 2080 medicamenta
606 2027 696 2080 morbi
710 2027 843 2095 praebere
857 2026 936 2080 velle.
973 2027 1050 2079 idem
1063 2026 1153 2095 igitur

133 2098 275 2168 significat
297 2098 368 2150 illud
391 2099 507 2151 verbum
532 2101 616 2166 atque
639 2100 783 2153 διατείνειν
812 2097 856 2151 vel
885 2100 989 2165 διήκειν
1016 2099 1055 2163 εἴς
1082 2115 1152 2164 τινα,

104 2204 115 2209 ·‹
133 2171 212 2224 cuius
236 2170 350 2238 propria
375 2171 416 2222 vis
429 2171 528 2223 >etiam
556 2169 771 2223 similitudinem
795 2170 938 2237 quandam
961 2169 1047 2223 habet
1075 2171 1153 2238 (δι-

134 2245 240 2309 ήκειν,
270 2245 509 2311 δια-βαίνειν).
563 2260 648 2309 quam
680 2241 915 2311 significationem
947 2243 1028 2295 tanto
1055 2239 1152 2293 labore

134 2316 243 2367 crutam
277 2314 386 2382 gaudeo
422 2314 581 2367 confirmari
618 2331 669 2365 usu
702 2313 846 2381 scriptoris
880 2328 947 2365 sane
979 2311 1153 2378 recentioris,

135 2384 272 2453 Stephani
291 2384 321 2436 in
340 2384 455 2438 Aristot.
471 2385 552 2438 Rhet.
573 2385 615 2438 ed.
635 2385 723 2438 Acad.
738 2385 799 2437 Ber.
814 2383 879 2437 XXI
898 2390 913 2436 2
933 2402 960 2452 p.
976 2388 1036 2448 281,
1052 2390 1077 2448 δ,
1104 2383 1154 2450 qui

134 2457 176 2510 ita
195 2454 305 2509 scribit:
326 2457 349 2510 εἰ
367 2459 420 2523 γάρ
439 2475 479 2521 τις
493 2459 599 2511 ἐπαινεῖ
619 2458 782 2524 Ἀθηναίους
800 2458 830 2510 ἐν
850 2456 1012 2523 Ἀθηναίοις,
1032 2456 1154 2522 εὐπαρά-

135 2531 218 2582 δεκτα
237 2532 282 2581 καί
307 2531 377 2582 καλὰ
403 2532 514 2582 ἔσονται
539 2531 574 2582 τὰ
600 2530 736 2594 λεγόμενα
763 2531 801 2592 ὡς
826 2531 871 2581 καὶ
898 2528 935 2592 εἰς
961 2529 1065 2591 αὐτοὺς
1083 2529 1152 2590 τοὺς

136 2601 275 2667 ἀκροατὰς
298 2601 530 2666 διαβαίνοντα.
567 2599 687 2668 perfecti
710 2599 801 2653 forma
829 2601 924 2652 autem
948 2601 1051 2666 βέβηκα
1074 2613 1155 2666 prae-

135 2671 221 2724 sentis
240 2687 352 2738 quoque
370 2671 427 2724 vim
445 2671 548 2724 habere
566 2672 665 2724 notum
684 2674 726 2724 est
745 2672 774 2724 et
791 2671 845 2724 Dio
868 2687 932 2723 enes
953 2669 1023 2722 alibi
1042 2685 1154 2737 quoquc

135 2741 292 2811 perfeetum
318 2743 361 2795 ita
389 2743 523 2796 adhibere
547 2742 619 2795 solet
647 2742 695 2796 cfr.
720 2743 754 2796 fr.
774 2742 850 2794 XXX
877 2741 914 2800 111
943 2741 994 2794 col.
1013 2741 1053 2793 HI
1080 2759 1104 2793 ν.
1122 2745 1155 2793 10

137 2816 354 2868 ἀποδεδωκέναι.

208 2885 259 2939 col.
274 2884 314 2937 VI
337 2903 360 2938 v.
377 2891 455 2937 a-4
486 2885 580 2939 omnia
605 2885 794 2938 remediorum
819 2901 922 2954 genera
947 2901 1003 2936 uno
1023 2901 1052 2936 se
1071 2882 1156 2936 verbo

137 2955 286 3081 (ciomplecti
302 2973 386 3080 posse
397 2957 487 3081 f(fiicptz
517 2955 909 3081 affectusgemovendidsurpt.
946 2972 1048 3024 genera
1067 2971 1156 3007 reme-

156 3046 247 3081 rorum
265 3045 301 3080 au
316 3045 360 3080 em
379 3046 395 3080 a
419 3045 449 3081 ec
463 3046 531 3080 uum
570 3046 645 3081 enen
665 3046 698 3081 us
717 3045 761 3080 res
783 3043 817 3080 on
841 3043 897 3081 en.

143 3124 145 3128 ⁴
208 3104 269 3152 νδ
297 3046 733 3166 τοὺς.,ματαίωςὲκατέχοντας
755 3046 827 3165 riarde
846 3100 965 3166 φόβους]
994 3097 1102 3167 cogitat
1122 3097 1157 3149 de

136 3173 214 3223 metu
233 3171 348 3224 deorum
368 3175 396 3226 ct
419 3171 517 3224 mortis
537 3174 565 3224 et
585 3170 725 3237 dolorum3
746 3169 794 3224 cfr.
815 3171 852 3222 ad
871 3169 903 3224 fr.
919 3168 1009 3222 XXIX
1028 3169 1057 3221 et
1075 3166 1154 3220 XXX

138 3247 167 3296 et
185 3241 372 3296 ir.Ieol.IlI
391 3261 415 3296 v.
432 3251 455 3296 t.

209 3331 233 3365 v.
250 3318 283 3365 10
309 3331 364 3367 nou
388 3331 484 3368 omnes
508 3312 700 3384 aegritudines
727 3313 849 3381 sapienti
875 3329 908 3366 ex
935 3312 1029 3365 animo
1055 3310 1157 3364 tollen-

139 3387 188 3439 das
212 3402 272 3439 esse
296 3385 433 3455 Epicurus
462 3385 616 3439 arbitratur
639 3384 698 3453 (cfr.
718 3383 765 3436 Us.
785 3384 818 3436 fr.
835 3389 885 3437 597
916 3389 960 3438 καὶ
984 3384 1157 3448 λυπήσεσθαι

137 3461 187 3512 τὸν
211 3459 329 3527 σοφόν),
359 3457 525 3526 Cyrenaicos
549 3458 660 3510 secutus
685 3455 745 3525 (cfr.
765 3455 953 3523 Dioghaert.
972 3455 1046 3508 1191
1072 3454 1159 3518 λυπή-

126 3534 229 3579 σεσθαι
253 3531 354 3592 μέντοι
383 3534 428 3583 καὶ
453 3530 643 3598 φοβήσεσθαι,
671 3534 798 3596 φυσικῶς
815 3530 869 3595 γὰρ
889 3530 964 3596 ἔχει).
1003 3525 1051 3579 cfr.
1073 3525 1159 3578 etiam
