2430 3840
524 150 743 243 *764

197 359 221 393 v.
241 347 266 394 4.
295 343 353 407 ῥεῖν
382 340 436 405 γὰρ
464 338 515 391 αἰεὶ
544 339 579 391 τὰ
612 339 771 405 πράγματα]
805 336 968 406 imprudens
996 334 1146 388 Aristoteli

126 411 259 466 attribuit
277 410 446 464 sententiam
465 408 609 463 Heracliti.

197 501 220 536 v.
241 488 311 536 e-8
340 481 389 535 cfr.
409 481 524 535 Aristot.
545 479 668 549 Metaph.
687 479 730 532 16
756 498 783 548 p.
805 485 879 533 987a
904 485 1038 543 ....ταῑς
1066 479 1146 546 Ἡρα-

126 556 273 619 κλειταίοιις
296 555 399 620 δόξαις,
427 555 465 617 ὡς
488 555 698 606 ἁπάντωντῶν
723 551 865 618 αἰσθητῶν
884 551 937 604 αἰεὶ
956 552 1081 618 ῥεόντων
1100 553 1145 604 καὶ

127 628 282 693 ἐπιστήμης
300 629 363 692 περὶ
381 626 476 685 αὐτῶν
496 626 548 678 οὐκ
566 626 661 690 οὔσης.

197 703 255 750 π.8
275 696 433 763 ἀντίληψιν]
452 711 508 748 non
534 695 551 747 i.
568 712 593 761 q.
614 695 769 760 κατάληψιν
797 694 1076 761 (comprehensionem,
1099 695 1145 746 in-

127 769 325 838 tellipente'ern),
345 767 394 820 sed
412 765 431 818 i.
446 784 472 835 q.
492 767 620 832 αἴσθησιν
639 767 672 817 ut
690 782 724 819 ex
743 783 767 818 r.
784 770 817 816 14
836 766 962 833 apparet.

197 858 221 893 v.
241 844 327 907 8sqq.
365 837 435 891 haec
462 840 555 904 ῥεῦσις
583 837 659 905 apud
682 836 852 905 Epicureum
879 836 1044 904 scriptorem
1072 833 1145 887 nihil

126 910 204 963 aliud
223 926 283 963 esse
302 907 396 978 potest
414 908 470 960 nisi
489 908 674 976 sempiternus
697 909 788 960 fluxus
812 910 969 961 atomorum
992 909 1021 960 et
1042 906 1146 976 imagi-

125 999 194 1034 num
212 998 229 1035 a
248 981 331 1035 rebus
355 978 530 1032 effluentium
548 995 700 1046 rursusque
719 978 917 1043 adfluentium,
937 978 986 1032 cfr.
1005 977 1084 1047 Epic.
1100 993 1143 1046 ep.

125 1053 204 1105 1848
224 1052 279 1122 (Us.
299 1070 326 1120 p.
344 1052 495 1119 11,3sqq.)
519 1054 563 1104 καί
585 1052 639 1118 γὰρ
662 1054 754 1118 ῥεῦσις
777 1052 832 1104 ἀπὸ
855 1057 913 1104 τῶν
933 1051 1073 1116 σωμάτων
1091 1055 1143 1103 ποθ

126 1126 260 1191 ἐπιπολῆς
285 1124 411 1190 συνεχής,
431 1124 483 1176 οὐκ
502 1122 631 1188 ἐπίδηλος
648 1129 683 1192 τῇ
704 1124 815 1188 μειώσει
834 1124 878 1176 διὰ
897 1123 949 1188 τήν
969 1121 1144 1187 ἀνταναπλή-

126 1211 214 1262 ρωσιν
233 1198 262 1247 et
280 1194 359 1247 Lucr.
374 1193 407 1259 Il,
420 1199 452 1246 69
471 1195 554 1262 ῥιισιν
572 1195 666 1247 omnia
683 1195 827 1247 cernimus.

197 1265 248 1319 col.
263 1265 303 1318 ΠΙ
319 1283 343 1317 v.
360 1270 446 1333 2sqq.
485 1265 605 1333 scriptor
627 1264 764 1331 ostendit,
791 1263 933 1333 Scepticos
952 1263 1029 1332 ipsos
1049 1279 1144 1316 secum

125 1354 266 1407 pugnare,
296 1355 359 1390 cum
378 1353 412 1389 ex
431 1352 476 1402 eo,
504 1336 580 1403 quod
602 1335 712 1404 aliquid
730 1353 805 1389 nunc
823 1335 919 1388 album
938 1352 1012 1387 nunc
1030 1335 1144 1404 nigrum

127 1425 188 1463 esse
206 1409 345 1474 videatur,
370 1409 561 1461 demonstrare
579 1407 681 1474 velint,
705 1424 756 1461 nos
775 1408 860 1476 quale
878 1423 908 1460 re
926 1423 994 1460 vera
1012 1406 1050 1459 sit
1073 1406 1145 1459 scire

78 1522 82 1527 .
126 1497 182 1533 non
201 1496 290 1549 posse.
328 1495 419 1548 neque
438 1479 513 1532 enim
531 1479 561 1531 id
581 1479 674 1548 ipsum
689 1479 811 1548 Sceptici
830 1479 923 1531 dicere
941 1479 1065 1547 possent,
1091 1475 1144 1530 ali-

126 1551 195 1620 quid
212 1554 273 1604 tum
293 1551 389 1605 album
408 1566 467 1604 esse
486 1552 547 1603 tum
566 1551 687 1620 nigrum,
707 1551 762 1604 nisi
782 1553 873 1616 antea,
892 1549 968 1618 quod
987 1549 1043 1617 ipsi
1056 1563 1143 1618 nega-

125 1625 197 1688 rent,
216 1622 274 1676 albi
294 1625 323 1676 et
341 1622 416 1691 nigri
433 1623 563 1674 naturam
581 1622 638 1674 iam
652 1622 794 1691 cognitam
811 1621 954 1674 haberent.
991 1619 1040 1673 cfr.
1051 1636 1144 1674 exem-

125 1693 166 1762 pli
191 1693 350 1746 causailic.
371 1694 406 1746 de
428 1693 474 1744 fin.
490 1693 503 1744 Ι
519 1699 560 1758 19,
576 1698 610 1745 64
633 1710 699 1761 qnos
722 1695 769 1762 (sc.
795 1694 901 1760 sensus)
925 1693 974 1760 qni
996 1693 1096 1745 tollent
1119 1697 1145 1745 et

126 1767 198 1819 nihil
215 1782 292 1832 pesse
308 1765 416 1832 percipi
433 1765 542 1830 dicenti,
566 1765 590 1817 r'r'
607 1765 716 1818 remotis
733 1765 857 1818 sensibus
874 1781 908 1817 ne
926 1765 956 1816 id
974 1764 1065 1830 ipsene
1083 1764 1144 1831 qni-

126 1838 186 1890 dcrn
214 1837 339 1904 reperiere
365 1842 493 1902 possent,
521 1836 593 1902 qnod
620 1836 765 1888 disserent.
799 1866 832 1873 -
866 1834 1019 1902 Epicurum
1047 1835 1144 1888 autem

126 1923 221 1960 omnes
246 1923 342 1960 sensus
365 1922 444 1959 veros
468 1922 528 1959 esse
552 1905 651 1959 docere
675 1908 773 1958 notum
797 1908 847 1959 est.
868 1937 900 1944 -
921 1904 991 1958 Cum
1009 1904 1143 1959 hocloco

127 1977 214 2031 etiam
240 1979 319 2033 Lucr.
337 1977 376 2030 IV
401 1995 425 2030 v.
447 1981 499 2029 479
518 1995 576 2045 sqq.
604 1976 729 2030 consenc
750 1977 825 2042 licet,
846 1977 999 2046 praecipue
1021 1982 1139 2045 497sqq.

124 2067 182 2104 nen
196 2066 281 2118 perro
296 2056 427 2118 peterent
449 2051 568 2117 (sensus)
593 2051 649 2118 ipsi
671 2049 946 2116 reprehendentem,
971 2065 1059 2117 aeque
1076 2048 1144 2115 fides

125 2123 256 2189 quonian
283 2122 386 2175 debebit
413 2137 516 2188 semper
542 2121 648 2187 hateri,
667 2122 787 2190 proinde
810 2122 882 2188 qnod
906 2123 936 2172 in
955 2126 1084 2187 quoquest
1101 2120 1145 2174 λιιι

125 2195 214 2246 enen
232 2200 348 2260 tempere
366 2199 491 2247 serumst.

196 2270 252 2316 οἳ
273 2266 302 2316 et
320 2271 336 2317 5
356 2265 512 2318 ἐκεῖνο...
531 2265 564 2316 τὸ
585 2266 618 2330 δὴ
639 2263 700 2317 οἷον
720 2265 847 2331 φέρουσι,
867 2267 923 2317 κτλ.
944 2262 992 2316 cfr.
1007 2261 1144 2316 nxm

126 2334 177 2388 col.
191 2334 205 2387 Ι
223 2353 246 2388 v.
263 2335 306 2405 8ῥ9
326 2337 415 2390 ἐκεῖνο
433 2341 587 2402 τηροῦντες
604 2337 637 2390 τὸ
657 2338 691 2402 δὴ
712 2337 766 2388 ὅτι.
779 2378 784 2388 .
797 2377 803 2389 .
815 2336 1064 2402 ,ἀντιπαρέρχεται

197 2405 279 2461 inv
303 2406 383 2460 coll
405 2426 429 2460 v.
450 2412 536 2459 4—7.
581 2407 652 2459 duas
674 2406 761 2475 igitur
784 2421 896 2460 necesse
925 2408 968 2459 est
991 2404 1144 2473 qualitates

125 2477 251 2531 habeant
269 2495 417 2547 corporum
440 2478 592 2543 elementa;
621 2478 731 2546 etipsa
750 2477 922 2546 sempiterna
940 2492 1001 2530 esse
1020 2492 1054 2530 ea
1072 2492 1144 2545 opus

126 2551 169 2602 est
188 2551 217 2603 et
235 2566 354 2618 corpora
373 2552 540 2603 construere.

197 2620 249 2675 col.
269 2621 295 2673 ll
318 2639 341 2674 v.
358 2627 382 2675 2.
426 2619 625 2689 Empedoclem
654 2620 872 2689 Agrigentinum
899 2619 989 2672 filium
1016 2620 1146 2688 Acragas

46 2729 48 2732 .
127 2693 273 2746 cuiusdam
292 2692 363 2746 facit
381 2693 550 2761 (Ἀκράγας).

196 2783 220 2817 ν.
236 2769 252 2817 8
271 2766 342 2831 ὕλην
361 2768 405 2818 καὶ
424 2765 497 2830 θεόν,
518 2763 558 2816 sic
577 2763 664 2815 etiam
681 2762 763 2832 Diog.
778 2763 870 2816 Laert.
882 2761 933 2815 VH
948 2767 1008 2814 134.

196 2853 221 2890 v.
237 2841 340 2903 lisqq.
366 2839 429 2903 περὶ
453 2837 547 2888 αὐτῶν
571 2836 681 2902 ἐσφάλη
704 2836 778 2903 τινά]
806 2832 949 2887 nonnullis
972 2832 1057 2886 rebus
1076 2832 1145 2902 Epi-

126 2923 209 2959 curus
230 2923 246 2958 ιι
265 2906 418 2959 Democriti
438 2907 473 2959 de
492 2906 595 2959 atomis
614 2906 754 2959 sententia
773 2906 923 2973 discrepat,
945 2921 1009 2958 cum
1027 2921 1084 2957 non
1102 2905 1145 2957 in-

124 2977 312 3031 numerabiles
337 2994 397 3031 esse
421 2981 578 3032 atomorum
601 2977 703 3030 formas
728 2976 788 3044 (Ep.
810 2993 853 3044 ep.
872 2977 885 3028 I
904 2975 995 3047 §odit
1020 2978 1048 3029 et
1067 2975 1146 3029 Diels

132 3050 255 3103 Vorsekr.
275 3067 301 3117 p.
323 3055 373 3101 377
403 3068 427 3102 ν.
444 3055 488 3116 28,
508 3055 550 3114 35,
570 3051 614 3117 37)
637 3048 795 3115 atomisque
818 3047 929 3118 pondus
952 3047 1044 3101 inesse
1062 3047 1146 3115 putet

128 3119 216 3187 (Diels
235 3119 253 3174 l.
274 3137 296 3172 c.
316 3138 343 3188 p.
364 3125 426 3188 378,
439 3127 470 3174 11
492 3124 520 3174 et
538 3120 585 3173 Us.
605 3120 637 3172 fr.
659 3123 790 3186 aaran,
810 3117 889 3188 Epic.
910 3135 954 3187 ep.
973 3118 1053 3187 154).

202 3190 253 3245 col.
275 3191 313 3245 HI
340 3211 364 3246 v.
385 3193 485 3263 9sqq.]
523 3193 619 3244 contre
648 3189 823 3243 Heraclitum
851 3190 946 3261 ignem
974 3189 1146 3244 elementum

127 3279 188 3316 esse
207 3266 364 3316 sumentem
383 3264 531 3333 disputans
549 3261 629 3314 Lucr.
644 3261 657 3312 Ι
675 3279 699 3314 v,
716 3267 856 3315 636-704
875 3263 928 3315 hoc
948 3263 1146 3332 argumentum

127 3351 183 3387 non
203 3333 291 3387 affert.
330 3335 379 3388 sed
399 3335 461 3396 cfr..
490 3333 565 3400 quod
589 3333 664 3401 apud
692 3331 853 3387 Ciceronem
877 3333 911 3386 de
934 3336 992 3387 nat.
1013 3333 1087 3386 deor.
1107 3331 1147 3385 ΙΠ

131 3409 265 3477 §tt-37
295 3404 378 3459 Cotta
400 3405 584 3474 philosophus
603 3404 788 3458 Academicus
812 3404 953 3473 disputat,
982 3405 1031 3473 qui
1049 3405 1146 3474 ignem

128 3494 184 3529 non
203 3475 390 3531 immortalem
410 3493 470 3531 esse
489 3474 622 3542 ostendit,
642 3476 710 3545 quia
728 3475 858 3542 intereat,
877 3475 933 3529 nisi
953 3476 1045 3530 aletur·
1066 3482 1093 3543 (5
1103 3479 1148 3541 37)

118 3575 152 3583 —
166 3549 241 3611 post
261 3565 279 3600 r.
294 3555 329 3600 14
347 3549 470 3604 fortasse
489 3547 640 3619 legebatur
658 3549 719 3602 ἐπεὶ
732 3553 849 3615 φθεῖρον
864 3551 936 3602 αὐτὰ
951 3550 1038 3615 δῆλόν
1053 3549 1144 3616 torm
