2430 3840
476 179 507 187 -—
547 145 650 200 XXXV
687 178 720 186 -

156 317 243 376 Plato
262 317 417 393 1ος.806ο
436 312 494 376 τὸν
506 313 600 376 Ξένον
621 311 762 389 ἐάσομεν
777 313 840 389 τὴν
859 309 1011 387 Σπάρτην
1030 309 1106 387 ἡμῖν

157 401 244 466 οὕτω
268 405 496 480 καταδραμεῖν,
523 405 576 463 ubi
602 408 704 464 tamen
731 406 855 480 propn'a
879 402 962 462 verbi
985 404 1031 462 πίε
1054 401 1105 460 ad·

158 494 215 553 huc
237 495 379 570 perlucet.
425 494 531 552 deinde
555 494 660 553 Dionis
685 492 779 552 (Iassii
803 491 948 551 nonnulla
970 491 1106 567 exempla

158 587 310 642 notantur.
356 602 424 642 cum
452 583 590 662 genetivo
619 585 795 642 construunt
822 581 930 640 Athen.
960 586 990 640 et
1017 581 1104 657 Diog.

159 672 257 733 Laert.
274 674 333 733 cfr.
358 673 404 730 W.
420 671 541 731 Schmid
564 674 622 731 1.α.
645 672 677 730 Π
700 692 727 748 p.
744 673 817 731 219.

93 756 158 834 ὀχί
182 779 235 837 pro
250 757 332 834 ὀὐχί
356 761 391 819 fr.
407 761 482 820 VIII
505 762 559 820 col.
575 761 606 818 II
622 763 671 821 10.
708 762 842 838 vulgaris
872 764 918 819 est
948 759 1107 836 dipthongi

156 852 295 909 mutati&
325 851 377 908 cfr.
397 852 544 926 exempla,
569 869 646 926 quae
667 850 789 927 collegit·
814 848 939 908 Orfinert
956 849 1105 907 Μαοονέα

158 938 272 999 Graeca
295 939 526 998 Herculanensis
549 961 577 1016 p.
599 942 674 999 129:
699 935 756 998 ὀδέ
776 965 809 984 =
829 934 906 998 οὐδέ
928 937 1008 996 Berl.
1031 937 1104 996 Urk.

156 1027 180 1102 I,
196 1029 248 1102 98,
264 1032 319 1100 21;
343 1023 381 1087 ὀκ
396 1056 429 1074 =
446 1025 505 1088 οὐκ
528 1028 608 1087 LXX
628 1022 734 1109 (Exod.
753 1031 781 1101 7,
796 1029 851 1101 23,
870 1025 970 1086 Hesai.
986 1029 1038 1101 40,
1055 1027 1105 1100 16,

155 1117 263 1176 ἄρνεια.
289 1121 344 1192 12,
365 1119 398 1192 33
423 1109 568 1199 22,12)3
593 1113 632 1191 ὀχ
653 1145 686 1163 --
702 1113 763 1190 οὐχ
790 1116 890 1174 Hesai.
916 1117 1000 1189 58,7
1026 1107 1104 1196 (cod.

156 1198 292 1287 Sinait.);
322 1203 368 1265 161<
405 1202 599 1280 εἰσήκουσεν
636 1207 698 1265 cod.
736 1205 933 1265 Pentateuohi
968 1204 1104 1264 Ambros.

157 1287 193 1374 (ε.
208 1289 251 1376 V)
275 1295 326 1354 fol.
347 1297 402 1369 363
431 1290 488 1355 ὀδέ
516 1315 585 1373 pap.
613 1295 737 1355 Henoch
760 1287 797 1374 (s.
813 1286 869 1375 VI)
894 1295 1050 1368 οο].13,4
1075 1296 1105 1352 et

155 1379 194 1444 ὀκ
217 1385 271 1444 ool.
289 1386 406 1459 14,13.
453 1379 505 1458 ὅχι
533 1384 621 1444 hodie
649 1384 731 1460 apud
755 1381 883 1442 Graecos
908 1384 940 1441 in
963 1401 1104 1459 responso

154 1473 214 1532 <fici
230 1476 355 1533 παρίεντο
378 1474 503 1553 dignum
526 1477 571 1532 est
594 1474 674 1549 quod
697 1475 825 1532 notetur,

86 1559 258 1637 περαιόω
286 1582 341 1639 pro
370 1560 513 1637 περαίνω
541 1564 577 1623 fr.
601 1562 672 1620 VIII
696 1563 748 1622 col.
769 1562 832 1620 16.
879 1562 991 1638 legitur
1013 1561 1106 1620 etiam

154 1651 235 1711 Berl.
257 1653 326 1712 Urk.
341 1652 356 1709 Ι
372 1654 423 1727 33,
441 1656 472 1711 7:
497 1649 560 1723 ἐγὼ
585 1649 646 1726 γὰρ
664 1648 811 1727 ’ἐμαυτὸν
831 1647 890 1710 οὐκ
913 1646 987 1724 έχω,
1013 1645 1039 1710 εἰ
1063 1647 1103 1722 μὴ

154 1742 318 1820 περαιωθῇ
346 1738 384 1800 τὸ
413 1741 544 1815 πρᾶγμα
572 1741 683 1812 τοῦτο,
706 1741 738 1798 ΙΙ
757 1743 835 1814 417,
857 1743 912 1799 26:
936 1733 1010 1798 οἰδα
1033 1735 1104 1814 γάρ,

154 1824 216 1900 ὅτι,
237 1827 294 1890 ἐὰν
304 1828 414 1910 θέλῃς,
433 1826 541 1890 πάντα
559 1827 826 1905 περαιωθήσεται.
859 1831 1002 1887 notantur
1020 1847 1105 1904 prae-

154 1922 237 1978 terea
256 1919 346 1978 ¹Philo
369 1919 502 1980 Iudaeus
526 1921 562 1978 de
586 1920 712 1980 oari’nate
736 1917 755 1994 ξ
775 1924 807 1993 1,
830 1919 968 1977 Iustinus
993 1917 1104 1994 Tryph.

155 2009 206 2082 68,
224 2010 277 2083 77,
301 2008 441 2068 Irenaeus
458 2012 490 2084 1,
507 2011 540 2084 9,
556 2011 589 2084 5,
618 2008 753 2068 Clemens
781 2008 864 2066 Alex.
893 2027 921 2082 p.
943 2008 1020 2080 734,
1043 2007 1104 2065 Leo

154 2097 237 2155 DIae.
261 2097 339 2156 fflst.
360 2119 387 2174 p.
405 2100 526 2173 37,19.
573 2098 657 2156 euius
685 2096 913 2174 significationis
937 2097 1104 2172 exemplum

156 2205 191 2245 ex
210 2188 337 2246 vetustis
356 2187 550 2262 scrIptoribus
572 2207 665 2245 unum
685 2189 790 2245 notum
813 2188 860 2244 est
876 2185 1010 2261 Xenoph.
1025 2184 1104 2246 Hell.

154 2279 183 2349 2,
199 2278 228 2349 4,
244 2277 295 2350 39,
318 2275 372 2334 ubi
399 2276 488 2335 lectio
514 2275 628 2334 tradita
651 2271 899 2349 περαιωθέντων
923 2293 941 2332 ο
963 2273 1104 2348 Wytten-

153 2364 261 2424 bachio
285 2368 402 2424 mutata
426 2367 471 2424 est
493 2367 525 2422 iu
549 2361 785 2438 περανθέντων.
827 2361 994 2438 Hesychius
1018 2358 1106 2422 notat

152 2454 383 2527 περαιωθῆναι·
407 2453 624 2528 τελειωθῆναι.

80 2539 186 2616 ’πλήν
209 2544 228 2600 i.
247 2562 275 2618 q.
300 2538 383 2603 ἀλλά
406 2544 441 2602 fr.
464 2543 539 2601 VIII
563 2541 667 2602 οο1.Π
688 2546 737 2602 11.
784 2542 835 2600 cfr.
858 2541 946 2600 Blass
971 2540 1103 2600 amman.

151 2633 179 2690 d.
196 2636 319 2692 nemost.
345 2632 512 2691 GrIechisch
534 2653 564 2708 p.
585 2634 647 2691 262
673 2633 717 2706 et,
740 2634 776 2689 ut
799 2650 814 2688 e
838 2630 960 2706 papyris
984 2648 1103 2711 quoque

152 2721 318 2796 exemplum
337 2721 457 2797 habeaS,
475 2722 594 2796 Papum
608 2722 681 2795 Pap.
698 2722 750 2794 20,
763 2721 806 2779 15
827 2715 904 2779 οὐδὲ
923 2714 984 2792 γὰρ
1004 2715 1103 2780 τοῦτό

152 2826 204 2882 μοι
224 2807 484 2885 σπουδαιότερον
508 2807 540 2871 ἐξ
560 2805 714 2870 ἁπάντων
738 2804 993 2883 χρηματίζεσθαι,
1017 2804 1103 2880 πλὴν

154 2898 277 2972 μᾶλλον
311 2895 537 2978 φιλανθρωπίᾳ
570 2915 605 2958 τε
638 2896 689 2958 καὶ
722 2893 895 2972 συνεργίας
926 2893 1103 2957 συναύξειν

151 2985 272 3062 ταύτην
299 2986 358 3061 τὴν
387 2984 498 3063 ἀρχὴν.
544 2989 613 3047 inde
643 3007 660 3047 ο
688 2987 815 3064 Polybio
843 2987 929 3046 valde
954 2988 1103 3045 usitatum

152 3081 204 3136 est,
260 3079 321 3135 iam
349 3078 558 3137 Demosthenis
586 3077 668 3136 loeus
697 3077 822 3134 affertur
849 3069 1102 3155 (Ruhner-Gerssh

152 3165 202 3224 Gr.
226 3165 276 3225 Gr.
301 3166 340 3241 II,
366 3169 384 3224 2
418 3188 445 3242 p.
472 3163 534 3226 285
570 3158 687 3248 adm)
722 3168 804 3225 vocis
837 3163 921 3238 πλὴν
955 3166 1022 3222 unte
1051 3184 1100 3222 ne-

152 3257 303 3332 gationem
331 3259 494 3332 usurpatae
523 3275 564 3314 or.
589 3257 645 3330 56,
665 3256 705 3314 23
735 3252 884 3315 πλέουσα
911 3250 1102 3327 πανταχόσε

151 3341 236 3416 πλὴν
260 3340 319 3404 οὐκ
342 3341 388 3418 εἰς
412 3341 561 3419 Ἀθήνας,
590 3363 648 3420 quo
676 3345 810 3420 exemplo
833 3345 992 3402 manifesto
1016 3343 1100 3401 dooe-

151 3437 213 3507 tur,
247 3434 393 3508 quomodo
425 3437 548 3511 propria
580 3435 625 3493 vis
653 3438 773 3506 ρναειω
805 3435 836 3491 iu
869 3433 920 3491 sed
952 3432 1105 3489 declinare

150 3525 291 3598 potuerit.
382 3567 383 3570 ι

932 3611 967 3662 Q..
