2430 3840
473 179 696 242 -93-

72 339 165 403 detur,
184 352 240 406 quo
259 335 355 389 effecti
374 353 478 401 sumus,
504 336 527 388 si
545 353 635 404 neque
658 353 718 389 rem
741 335 834 404 ipsam
856 354 947 404 neque
971 355 1094 405 causum,

75 427 125 464 cur
143 425 206 462 eam
224 407 384 471 timeamus,
404 407 473 460 setis
493 407 637 477 cognitam
655 407 799 462 habemus.

120 480 267 605 X{xfiwdc
295 481 407 547 τρανόω
436 478 496 548 (cfr.
516 479 549 532 fr.
564 478 629 531 XXI
652 478 703 532 col.
723 478 780 533 Iv.
797 481 823 548 9)
850 478 981 532 videatur
1003 479 1095 535 Proef.

74 571 93 622 p
146 641 171 677 r.
188 627 222 677 10
242 622 275 674 de
295 625 373 674 metu
391 621 483 688 inani,
507 621 556 688 qui
580 621 677 688 oritur,
696 621 721 674 si
739 621 809 690 quid
826 622 937 675 ratione
956 639 1012 676 non
1031 639 1096 693 cog·

75 695 168 749 nitum
187 696 238 760 est,
258 693 307 747 cfr.
326 691 406 761 Epic.
425 709 468 760 ep.
487 691 557 759 181,
583 692 633 760 qui
652 693 750 745 eudem
770 692 803 746 dc
822 710 861 760 re,
881 693 915 746 de
934 696 1012 748 metu
1031 694 1096 748 deo·

75 785 138 820 rum
165 768 193 818 et
215 765 313 818 mortis
337 764 407 817 hoec
427 764 498 817 dicit
517 767 560 818 ἐπὶ
579 766 610 818 δὲ
627 767 738 828 τούτοις
753 806 831 820 .....
846 767 935 819 ἐκεῖνο
955 768 996 820 δεῖ
1014 783 1097 820 κατα-

75 845 159 904 νοεῖν,
180 840 223 891 δτι
241 839 362 903 τάραχος
381 838 396 889 ά
412 838 595 903 κυριώτατος.
608 878 613 889 .
626 837 760 900 ..γίνεται
774 837 804 890 ἐν
818 843 859 905 τῷ
874 843 963 891 ταῦτα
978 835 1097 905 μακάριά

75 928 108 964 τε
127 910 251 964 δοξάζειν
270 911 314 962 καί
338 909 471 974 ἄφθαρτα
496 910 541 960 καὶ
564 908 730 970 ὑπεναντίας
749 910 821 974 ἔχειν
839 911 932 978 τούτῳ
953 911 1099 976 βουλήσεις

76 1023 190 1047 ......
219 983 264 1033 καί
287 981 317 1033 ἐν
340 985 381 1048 τῷ
406 978 520 1032 αἰώνιόν
543 996 569 1032 τι
593 980 684 1032 δεινὸν
707 981 750 1033 ἀεί
774 982 935 1046 προσδοκᾶν
1026 982 1098 1034 κατά

76 1056 144 1116 τοὺς
172 1053 277 1118 μύθους
303 1051 359 1104 εἴτε
385 1053 430 1104 καί
455 1051 544 1116 αὐτὴν
567 1050 751 1117 ἀναισθησίαν
773 1054 826 1117 τὴν
849 1053 879 1104 ἐν
902 1057 943 1120 τῷ
966 1053 1098 1106 τεθνάναι

75 1125 361 1192 φοβουμένους....,
390 1125 444 1175 καί
471 1122 506 1174 ἐν
534 1127 579 1189 τῷ
609 1124 651 1188 μὴ
680 1123 797 1186 δόξαις
819 1128 926 1176 ταῦτα
953 1124 1098 1190 πάσχειν

76 1196 147 1250 ἀλλ’
166 1196 276 1262 ἀλόγῳ
296 1196 332 1258 γέ
351 1211 418 1247 τινι
436 1194 657 1260 παραστάσει.
695 1192 743 1247 cfr.
764 1193 851 1246 etiem
869 1193 992 1246 Lucretii
1010 1194 1085 1247 notis

80 1267 167 1320 simos
186 1282 282 1318 versus
301 1264 320 1318 1.
335 1263 361 1316 ΙΙ
379 1282 402 1317 v.
419 1270 453 1317 55
464 1281 523 1331 sqq.
544 1264 578 1316 de
596 1281 669 1317 veno
688 1267 766 1317 motu
785 1280 942 1332 puerorum.

150 1357 176 1391 v.
194 1343 224 1390 11
237 1354 296 1404 sqq.
321 1353 400 1388 mens
418 1339 546 1389 versetur
569 1334 606 1387 ud
630 1334 716 1388 eliam
735 1334 860 1403 aliquem
878 1339 1009 1389 naturum
1028 1336 1098 1406 (scil.

78 1414 165 1477 atque
184 1409 298 1479 ignem),
318 1424 389 1476 quae
409 1423 465 1459 non
480 1409 511 1461 ἐκ
525 1412 650 1474 φανεροῦ
670 1410 721 1473 est,
741 1407 791 1458 scd
810 1408 994 1475 ἐνδεδυμὲνη;
1014 1425 1099 1475 quom

79 1499 145 1535 cum
167 1497 245 1533 mens
269 1478 411 1532 illustrare
434 1495 491 1531 non
513 1478 616 1546 possit,
640 1480 718 1531 metu
743 1476 893 1545 efficimur,
921 1478 970 1531 cfr.
989 1479 1069 1534 Lucr.
1088 1479 1101 1532 I

80 1558 131 1677 11δέ
144 1569 204 1619 sqq.
240 1551 431 1617 ὑποφιιιτίζειν
450 1550 569 1618 paulum
592 1550 744 1615 illustrare,
768 1548 837 1602 olibi
857 1552 965 1602 exstare
984 1566 1041 1603 non
1058 1551 1100 1604 vi-

101 1641 115 1676 e
130 1641 170 1675 ur.

153 1729 195 1782 fr.
210 1729 319 1782 XXXI
347 1745 411 1781 cum
434 1730 511 1780 metu
536 1727 651 1780 deorum
675 1730 735 1780 orte
758 1727 924 1780 coniunctus
948 1732 991 1782 est
1009 1732 1102 1782 metus

81 1801 143 1854 foti.
181 1801 277 1868 itaque
301 1817 335 1853 ne
363 1799 455 1852 fotum
483 1799 598 1867 quidem
625 1817 684 1852 esse
712 1799 831 1867 probare
859 1800 955 1852 studet
983 1800 1103 1868 scriptor

80 1872 142 1942 (cfr.
162 1871 196 1924 fr.
210 1871 348 1939 XXXIII),
368 1875 397 1924 et
421 1889 484 1924 cum
502 1871 594 1924 fatum
613 1888 672 1924 esse
692 1888 725 1923 ex
743 1870 916 1925 divinatione
936 1870 1024 1925 Stoici
1043 1871 1104 1924 effi-

83 1945 161 1998 cicnt
189 1942 247 2012 (cir.
267 1943 301 1996 fr.
316 1942 431 1995 XXXIII
454 1942 505 1996 col.
520 1942 546 1995 II
562 1947 596 2011 1),
619 1959 702 2008 nunc,
721 1945 755 1995 ut
776 1942 869 1995 fotum
892 1941 989 2010 tollat,
1016 1943 1103 1996 etiam

82 2014 286 2069 divinationem
304 2013 412 2066 nullom
431 2032 490 2066 csse
510 2015 642 2068 ostendit.

156 2084 235 2139 coll
252 2103 277 2138 v.
294 2089 379 2152 3sqq.
400 2085 436 2137 ad
461 2103 520 2137 rem
544 2085 593 2137 cfr.
613 2084 694 2155 Diog.
713 2085 805 2139 Lacrt.
824 2084 850 2138 X
865 2091 916 2140 135
935 2086 993 2156 (Us.
1008 2084 1042 2138 fr.
1058 2087 1103 2155 27)

83 2161 202 2226 μαντικὴ
232 2158 305 2211 ούσα
332 2157 520 2223 ἀνύπαρκτος,
550 2157 574 2210 εἰ
601 2161 647 2210 καὶ
669 2158 810 2224 ύπαρκτή,
840 2159 923 2210 ούδὲν
948 2158 1014 2224 παρ’
1031 2160 1105 2224 ἡμᾶς

86 2232 195 2297 ἡγητέα
213 2230 249 2282 τά
267 2230 399 2293 γινόμενα
418 2231 447 2280 et
464 2228 497 2280 fr.
518 2232 577 2280 395.

155 2319 181 2354 ν.
198 2305 231 2353 10
249 2299 368 2352 fortasse
388 2298 508 2366 scriptor
527 2298 729 2351 divinationem
749 2298 876 2352 definivit
894 2301 1052 2367 (ὁρίζομαι),
1071 2303 1105 2352 ut

85 2372 236 2441 Chrysippi
260 2370 453 2424 definitionem
476 2369 596 2440 legimus
616 2371 692 2437 opud
711 2369 766 2424 Cic.
787 2370 821 2422 de
841 2370 927 2424 divin.
946 2371 1029 2436 1163,
1045 2377 1104 2425 180.

157 2479 199 2532 fr.
214 2477 357 2530 XXXIII
376 2477 455 2530 coll
476 2494 587 2530 sensum
606 2476 721 2545 quidem
740 2479 769 2529 et
787 2478 1024 2530 constructionem
1038 2477 1108 2544 quin

87 2555 163 2604 recte
178 2549 366 2603 intellexerim
380 2566 437 2602 non
451 2548 560 2614 dubit0,
580 2549 707 2616 quemvis
727 2549 761 2601 de
777 2547 895 2618 singulis
914 2548 1007 2602 verbis
1027 2549 1107 2602 dubi·

86 2623 143 2676 tari
161 2623 258 2690 possit.
296 2620 367 2674 dicit
386 2620 513 2688 scriptor,
542 2620 618 2687 quod
642 2622 725 2672 antea
749 2619 783 2671 de
804 2619 979 2673 divinatione
999 2620 1107 2672 dictum

86 2693 125 2748 sit
144 2693 193 2761 qui
211 2710 268 2746 non
287 2693 392 2758 credet,
411 2691 493 2744 illum
512 2691 640 2745 adiuvari
658 2708 715 2744 non
733 2707 827 2759 posse,
846 2692 896 2744 sed
915 2708 1025 2759 semper
1043 2709 1107 2744 eum

87 2766 118 2818 in
138 2782 228 2818 errore
247 2781 410 2818 mansurum
429 2780 502 2828 esse,
535 2763 584 2830 qui
603 2765 698 2815 autem
717 2763 815 2815 credat
832 2761 918 2828 illud,
938 2780 1001 2815 cum
1021 2764 1108 2815 etiam

88 2836 183 2888 omnio
201 2836 253 2889 ille
271 2853 342 2904 quoe
363 2837 396 2888 de
416 2835 583 2888 necessitate
604 2835 734 2887 dicontur
751 2834 834 2886 valde
854 2833 941 2887 dubia
958 2837 986 2887 et
1000 2833 1109 2887 incerte

88 2905 279 2960 iudicaturum
298 2925 371 2972 esse3
395 2925 461 2959 nam
480 2906 661 2976 argumentis,
681 2905 783 2973 quibus
803 2904 940 2958 divinatio
959 2904 1107 2972 efficiatur,

90 2980 119 3029 ct
138 2976 200 3045 ipsa
219 2979 392 3033 divinatione
412 2977 531 3032 sublatis
554 2977 627 3030 nihil
651 2977 729 3029 aliud
751 2976 886 3044 relinqui,
911 2993 965 3044 quo
990 2977 1109 3030 necessi·

91 3050 181 3101 tatem
201 3066 260 3101 esse
278 3050 393 3117 probari
411 3049 509 3118 possit.

162 3137 186 3171 ν.
203 3125 218 3171 9
238 3122 357 3193 ἄστατα]
378 3122 463 3175 dubia
483 3122 531 3174 cfr.
552 3121 585 3173 fr.
605 3119 695 3173 XVIII
714 3118 764 3173 col.
780 3120 792 3171 I
810 3137 836 3172 ν.
852 3118 903 3187 2l3.

163 3189 268 3313 oolfrIII
290 3209 316 3245 v.
331 3199 347 3245 3
360 3211 419 3260 sqq.
449 3193 483 3246 de
506 3191 661 3246 Democriti
690 3192 832 3244 sententio
859 3190 909 3244 cfr.
932 3190 1011 3243 Diels
1037 3192 1111 3245 Voro.

162 3352 187 3386 v.
205 3338 237 3386 10
257 3336 336 3387 ἔνθεν
351 3338 381 3389 δὲ
396 3335 545 3401 φαίνεσθαι
561 3337 833 3401 κατηνανκασμένως
846 3335 938 3388 πάντα
953 3335 1113 3406 κεινείσθαι]

92 3405 234 3458 sententia
252 3408 314 3457 toto
333 3406 373 3458 sic
391 3404 583 3475 intellegendo
603 3408 657 3459 est:
678 3406 701 3458 si
715 3406 779 3472 quis
793 3405 986 3458 Democritum
1001 3409 1116 3459 secutus

92 3478 193 3530 atomis
216 3474 325 3529 nullum
344 3478 436 3530 inesse
454 3476 576 3530 liberum
594 3480 704 3530 motum
722 3478 815 3541 dicut,
827 3477 901 3528 'iude
919 3479 1028 3524 eutem
1041 3485 1139 3537 ow<

51 3546 55 3556 “
91 3567 151 3602 rere
172 3548 286 3603 omnia
301 3550 366 3618 (non
386 3548 481 3603 omnio
501 3551 609 3617 atomo,
627 3549 683 3603 sed
700 3549 805 3603 omniu
822 3560 902 3614 que-e
917 3540 1012 3599 ‘mm
1027 3543 1164 3580 mnem-
