2430 3840
475 147 508 154 -
546 113 661 168 XXXVI
698 147 730 154 -

93 282 294 360 προσταγή
320 285 356 344 fr.
371 285 420 358 XI,
438 287 465 343 2.
497 285 651 342 invenitur
674 284 755 359 apud
773 285 931 359 scriptores
956 284 1045 344 valde
1068 305 1117 344 re-

160 377 267 434 centes.
318 374 428 432 Moeris
456 393 484 449 p.
505 375 568 432 207
597 373 728 431 Bekher:
761 370 938 448 πρόσταξις
967 368 1116 447 Ἀττικοί,

161 460 330 536 προσταγὴ
355 458 516 537 Ἕλληνες.

94 547 334 626 προσφάτως
357 570 452 624 caper
474 552 509 610 fr.
524 550 620 608 LXIV
644 551 698 610 col.
718 550 812 609 1114.
858 551 909 610 cfr.
939 572 967 626 p.
986 551 1116 612 XXVII.

94 639 166 701 σύν
195 659 263 700 cum
290 641 393 700 dativo
421 659 585 716 numquam
613 640 778 698 adhibetur.
824 640 860 699 de
883 641 940 700 hac
962 659 1035 700 voce
1060 643 1115 701 cfr.

160 730 261 806 Tycho
285 731 448 789 Mommsen
472 731 563 788 Bciir.
587 746 611 787 a
630 730 727 788 Lebre
749 747 775 786 e.
799 731 828 788 d.
848 730 953 802 priscii.
976 730 1117 806 Praisos,

161 822 213 894 qui
231 837 347 878 summa
363 819 521 895 diligentia
535 837 623 877 usum
638 818 896 894 praepositionum
910 814 973 879 σύν
987 821 1019 877 et
1033 817 1117 893 μετά

159 911 363 984 perscrutatus
392 913 444 968 est.
500 904 563 967 σύν
592 926 694 967 vocem
721 911 883 983 poeticam,
914 927 990 984 quae
1019 907 1117 968 etiam

161 997 242 1073 apud
260 999 420 1073 scriptores
443 997 561 1056 Ionicos
575 997 769 1071 Herodotum,
784 997 1008 1073 Hippocratem,
1027 997 1116 1056 Arri-

162 1106 252 1145 anum
276 1078 426 1167 (Ἰνδική),
449 1085 611 1145 Aretaeum
629 1086 855 1162 praeponderat,
879 1086 994 1161 primus
1016 1090 1116 1162 repri-

159 1177 216 1234 mit
233 1176 401 1252 Euripides,
425 1195 546 1252 perraro
568 1175 710 1234 adhibent
729 1177 887 1251 scriptores
905 1175 1000 1234 Attici
1020 1178 1116 1251 atque

160 1264 299 1340 Aristot,
329 1265 490 1340 Theophr.,
520 1264 638 1340 Polyb,
668 1265 770 1339 Diod,
799 1264 919 1339 Strabo,
947 1263 1116 1341 Longinus,

160 1353 246 1412 Philo
270 1355 352 1428 Jud,
376 1356 481 1430 Apoll.
499 1354 603 1431 Dysc,
626 1354 788 1430 Iosephus,
816 1353 904 1428 Plut,
932 1353 990 1412 Dio
1016 1351 1115 1430 Casa,

160 1445 279 1519 saepius
309 1444 466 1519 adhibent,
496 1447 593 1502 rarius
623 1447 726 1502 tamen
756 1462 847 1519 quam
878 1437 957 1516 μετά
987 1461 1010 1503 c.
1044 1463 1114 1520 gen.

159 1532 314 1607 Artemid,
337 1533 427 1592 Mare.
447 1534 529 1610 Aur,
548 1534 667 1608 Athen,
688 1532 826 1606 Galenus
845 1531 1003 1591 Lucienus.
1040 1535 1114 1590 sunt

159 1623 212 1697 qui
241 1623 400 1697 utriusque
429 1622 660 1698 praepositionis
695 1641 823 1698 aequum
857 1622 918 1680 fere
952 1638 1111 1680 numerum

159 1710 330 1785 praebeant.
376 1711 537 1771 Atticistae
561 1714 661 1770 autem
689 1715 721 1770 in
744 1712 918 1770 universum
941 1706 1004 1769 σύν
1028 1712 1113 1770 ante-

159 1801 276 1874 ponunt
302 1802 520 1876 praepositioni
548 1797 626 1874 μετά
650 1821 672 1859 c.
693 1821 772 1877 gen,
796 1801 847 1858 cfr.
873 1802 965 1858 etiam
989 1798 1114 1858 Schmid

160 1889 218 1946 lc.
242 1887 285 1946 IV
309 1909 337 1962 p.
354 1890 426 1948 625.
459 1891 490 1946 in
509 1890 568 1948 NT
594 1909 711 1966 quoque
734 1889 814 1965 apud
837 1888 958 1963 Lucam,
980 1887 1111 1946 Paulum

160 1978 238 2035 solos
266 1979 384 2054 saepius
412 1979 577 2053 invenitur,
605 1981 662 2038 etsi
690 1980 757 2037 aliis
782 1997 899 2054 quoque
927 1997 986 2036 non
1019 1977 1112 2052 deest,

160 2067 211 2124 cfr.
239 2066 327 2127 Blass
356 2065 405 2126 Gr.
434 2068 461 2126 d.
489 2069 548 2126 NT
576 2090 604 2144 p.
626 2069 697 2127 128.
744 2068 876 2143 Epicteti
902 2069 963 2126 tria
989 2068 1112 2127 tantum

160 2156 296 2231 exempla
318 2160 405 2216 notat
427 2159 460 2216 in
482 2158 579 2217 indice
603 2158 740 2216 Schenkl.

94 2243 337 2319 συνχρῆσθαί
384 2263 444 2307 τινι
485 2250 676 2320 familiariter
719 2249 764 2305 cii
809 2246 906 2319 aliqim
945 2246 981 2303 fr.
1013 2243 1113 2302 LXIV

159 2334 276 2394 col.III
292 2339 341 2395 10.
388 2336 439 2394 cfr.
463 2356 492 2411 p.
507 2336 645 2394 XXVIII.

93 2420 222 2483 σκέπω
251 2428 342 2497 tepere
369 2425 451 2483 fax
479 2427 533 2484 col.
551 2425 568 2482 I
589 2428 615 2483 7.
662 2426 814 2485 invenitur
838 2424 917 2499 apud
940 2422 1112 2499 Polybium,

160 2512 287 2589 Epictet.
311 2515 346 2572 fr.
364 2515 471 2589 23413
497 2506 690 2594 (ἀποσκέπω
714 2514 762 2572 ΙΠ
777 2516 828 2587 22,
845 2505 909 2593 65).
955 2515 1114 2588 praeterea

160 2605 305 2661 notantur
331 2605 364 2660 in
392 2603 543 2662 Thesauro
572 2603 729 2674 Aretaeus,
753 2603 909 2676 Arrianus,
932 2601 1114 2662 Heliodorus

159 2691 322 2749 Emesenus
342 2693 372 2750 et
395 2709 430 2749 ex
449 2691 601 2750 Atticistis
620 2691 778 2766 humanus,
799 2692 838 2749 ad
857 2710 946 2767 quem
965 2691 1113 2750 accedunt

159 2779 218 2839 Dio
248 2778 399 2949 Gh)rysost.
432 2786 462 2839 et
494 2780 638 2840 Aelianus
671 2774 738 2862 (cfr.
767 2780 888 2840 Schmid
910 2780 929 2837 l.
950 2799 973 2838 c.
996 2780 1012 2838 I
1037 2783 1112 2854 163,

93 2954 198 3030 σύρω
221 2977 276 3033 pro
296 2954 378 3018 ἕλκω
397 2959 433 3016 fr.
448 2958 472 3034 I,
490 2961 516 3018 7.
545 2962 642 3018 exstat
660 2962 692 3017 in
715 2959 808 3034 LXX,
836 2959 895 3016 NT
925 2951 1007 3038 (Joh.
1023 2960 1110 3033 21,8

161 3042 320 3121 σύροντες
348 3044 386 3107 τὸ
410 3041 567 3130 δίκτυον),
596 3049 676 3123 apud
700 3047 888 3122 Strabonem,
906 3047 1112 3121 Plutarchum,

162 3133 298 3194 Cassium
316 3136 452 3212 Dionem,
470 3137 683 3212 Herodianum,
697 3137 872 3211 Lucianum,
893 3137 1110 3196 Philostratum

160 3225 321 3283 secundum
350 3218 416 3306 (cfr.
441 3226 563 3286 Schmid
590 3227 608 3283 l.
629 3245 652 3284 c.
675 3226 720 3284 IV
742 3248 770 3302 p.
787 3217 879 3308 331),
906 3227 995 3302 alios,
1018 3226 1112 3285 etiam

161 3317 267 3389 poetae
289 3313 491 3394 Anthologiae
515 3318 678 3392 primorum
707 3318 923 3391 imperatorum
946 3318 1044 3374 aetate
1067 3315 1112 3374 vi-

119 3432 121 3437 ·
161 3405 262 3468 ventes
285 3404 463 3463 vocabulum
486 3408 641 3480 usurpant.

93 3489 244 3566 τρανόω
273 3495 308 3550 fr.
327 3493 409 3552 XXX
437 3495 494 3554 col
515 3495 584 3554 113
605 3497 689 3571 eto,
717 3495 842 3554 fortasse
871 3494 962 3554 etiam
983 3494 1021 3559 fr.
1039 3442 1114 3552 XXI
