2430 3840
493 143 713 207 „92-

94 301 171 370 quod
188 307 248 365 τοῖς
266 301 461 368 καταστήμασι
479 300 597 368 opponit
619 303 671 364 τὰς
688 303 799 368 πράξεις
822 303 855 371 (v.
872 303 960 371 4-6),
998 317 1065 354 nam
1089 302 1116 355 si

95 371 167 425 dicit
185 387 215 425 se
233 386 368 439 quaerere
387 371 527 438 quomodo
541 370 598 424 vita
612 375 708 426 nostra
723 375 752 426 ct
765 372 795 425 in
809 372 854 426 his
869 375 898 427 et
911 373 941 426 in
955 371 1014 427 illis
1027 372 1118 427 beata

94 443 153 509 fiat,
172 442 290 496 dubium
309 459 366 496 non
385 444 435 508 est,
455 443 523 510 quin
542 444 744 510 καταστήματα
766 445 796 498 at
813 445 924 512 πράξεις
947 444 984 496 ad
1007 444 1066 498 otia
1086 447 1119 496 et

95 513 220 583 negotia,
234 513 332 583 qualia
345 514 377 567 in
389 514 450 567 rita
463 514 610 567 hominum
624 515 743 582 exstant,
757 515 871 582 referat,
885 533 942 569 non
957 515 992 568 ad
1008 517 1116 569 statum

96 588 125 639 et
138 587 246 638 motum
261 585 349 638 animi
364 587 393 639 et
407 585 539 653 corporis,
557 586 634 638 unde
647 601 744 639 revera
758 586 858 640 ambae
872 585 940 639 illae
955 586 1117 654 voluptates

95 672 197 710 nomen
216 658 393 725 acceperunt

166 746 191 780 v.
208 733 223 780 9
261 731 351 782 ἐκεῖνο
378 734 531 796 τηροῦντες
553 730 586 781 τό
611 729 645 794 δή
670 728 762 796 ότι]ἰ
778 744 801 782 e.
823 731 951 783 tenentes
971 729 1116 782 decretum

97 798 170 852 illud
189 799 326 868 magistri.
364 799 406 853 De
424 815 455 852 re
474 798 523 852 cfr
544 797 599 853 Cic
620 799 720 852 defin
735 799 748 850 I
768 805 857 864 11‚37
878 801 1049 854 intervenire
1068 799 1118 853 do·

96 869 162 925 loris
181 871 281 925 amotio
299 873 491 925 successionem
509 871 593 937 efficit
605 871 741 939 οοῐαμόαόΙ
729 887 754 925 es
718 872 801 924 tot
818 874 918 938 postea
936 888 993 924 noo
1010 873 1119 938 placuit

97 942 223 1010 Epicuro
241 941 360 996 medion
379 959 433 996 ecce
446 943 610 1009 quiddam
599 948 642 994 ent
642 959 671 995 er
631 943 807 996 tdolorcm
825 950 851 997 et
863 944 1036 1011 voluptatem.

168 1030 193 1066 v.
214 1017 247 1065 12
266 1015 301 1066 τὰ
320 1014 437 1083 ἥδοντο]
465 1012 514 1066 cfr.
533 1012 623 1066 Praef.
643 1031 670 1080 p.
690 1012 812 1067 XXXHI.
849 1031 904 1067 vox
923 1012 999 1081 apud
1013 1012 1121 1082 Epicu·

96 1101 160 1136 rum
178 1084 272 1151 ipsum
291 1085 416 1138 nondum
434 1084 584 1138 invenitur.

170 1173 193 1208 v.
219 1161 252 1208 13
281 1157 521 1224 ἀντιπαρέρχεται]
552 1157 584 1208 to
616 1156 741 1209 dolorum
773 1157 861 1210 ῖοοαιιι
892 1157 1040 1211 succedant
1071 1173 1119 1210 oo·

98 1226 223 1349 tdeoptotes.
262 1243 314 1280 vox
337 1229 586 1295 ἀντιπαρέρχεσθαι
609 1227 683 1280 hanc
706 1226 763 1281 vim
787 1226 857 1280 alibi
879 1227 982 1280 habere
1001 1243 1058 1280 non
1075 1228 1120 1280 ri·

119 1300 189 1351 etur.

168 1387 194 1423 v.
211 1376 244 1423 14
255 1387 315 1438 sqq.
338 1373 375 1424 τὰ
399 1372 450 1424 οὖν
474 1372 611 1437 όχλοθντα
636 1373 690 1436 τὴν
713 1373 808 1437 ψυχὴν
831 1371 893 1424 τίνα
912 1370 999 1437 ἑστίνς
1033 1372 1120 1436 φόβοι

98 1481 149 1496 ...
169 1444 185 1495 6
205 1443 255 1508 μὲν
274 1444 305 1496 ἐκ
324 1446 405 1510 θεῶν,
426 1445 441 1496 6
461 1443 486 1495 δ’
500 1443 555 1495 ἀπό
575 1444 707 1509 θανάτου,
727 1445 743 1496 6
763 1442 788 1494 δ’
802 1442 850 1495 ἀπ’
868 1443 1041 1508 ἀλγηδόνων,
1062 1442 1122 1494 ἐπι·

98 1513 190 1578 θυμία.
229 1513 277 1566 cir.
303 1514 352 1580 qui
372 1531 389 1565 a
407 1513 548 1581 Torquato
568 1513 705 1580 Epicureo
730 1513 805 1580 apud
829 1510 990 1566 Ciceronem
1013 1513 1047 1565 de
1071 1511 1121 1564 fin.

98 1583 165 1647 118,
176 1589 209 1636 59
225 1587 423 1637 enumerentur
440 1585 530 1637 morbi
546 1585 646 1639 animi:
666 1584 837 1653 cupiditates
851 1584 1012 1651 immensae,
1028 1583 1120 1653 aegri·

97 1655 211 1707 tudines
221 1655 367 1709 hominum
376 1672 432 1708 non
447 1655 674 1726 intellegentium
688 1655 760 1708 nihil
775 1655 927 1708 dolendum
941 1672 1000 1707 esse
1016 1656 1122 1722 animo

98 1726 174 1793 quod
194 1726 231 1778 sit
250 1745 267 1779 a
285 1727 380 1780 dolore
400 1727 523 1795 corporis
537 1727 680 1795 praesenti
694 1727 823 1781 futurove
839 1726 996 1780 seiunctum
1012 1729 1056 1796 (
1067 1728 1123 1793 φό-

99 1801 147 1864 βος
165 1797 213 1850 ἀπ’
232 1799 418 1865 ἀλγηδόνων),
438 1799 523 1851 timor
541 1799 648 1864 mortis
669 1799 840 1868 superstitio
869 1814 982 1868 prorsus
1002 1798 1123 1850 eandem

98 1868 283 1937 partitionem
301 1867 495 1922 molestiarum
521 1870 608 1922 animi
627 1870 714 1923 habes
734 1869 820 1922 etiam
838 1869 917 1938 Epic.
938 1887 997 1937 κυρ.
1018 1871 1074 1924 δόξ.
1094 1867 1120 1921 X

100 1939 123 1994 εἰ
141 1941 177 1994 τὰ
195 1943 326 2008 ποιητικὰ
348 1947 407 1995 των
431 1945 493 2008 περὶ
515 1944 583 2006 τοὺς
606 1943 735 2006 ἀσώτους
762 1944 875 2008 ἡδονῶν
902 1943 964 1995 ἔλυε
984 1944 1049 2004 τοὺς
1068 1943 1123 2007 φό-

100 2015 166 2078 βους
184 2017 235 2079 τῆς
258 2013 381 2077 διανοίας
403 2015 470 2077 τοὺς
492 2031 523 2066 τε
546 2016 608 2080 περὶ
635 2016 784 2080 μετεώρων
803 2016 847 2066 καὶ
867 2014 990 2066 θανάτου
1011 2014 1056 2066 καλ
1074 2013 1121 2065 ἀλ-

99 2084 239 2151 γηδόνων,
259 2086 299 2138 ἔτι
318 2102 349 2138 τε
367 2086 401 2137 τό
420 2087 507 2151 πέρας
523 2090 582 2138 τῶν
597 2085 749 2150 ἐπιθυμιῶν
764 2085 917 2150 ἐδίδασκεν,
937 2085 988 2137 οὐκ
1003 2085 1037 2136 ἀν
1051 2100 1122 2136 ποτε

100 2155 210 2220 εἴχομεν
239 2157 282 2209 ότι
308 2157 490 2222 ἐμεμψάμεθα
516 2158 618 2220 αὐτοῖς.
661 2155 709 2208 cir.
735 2155 821 2208 etiam
839 2154 901 2208 Vol.
920 2154 1000 2208 Herc.
1026 2153 1124 2208 coll.I

100 2227 167 2279 tom.
187 2225 226 2278 ΙΠ
254 2226 305 2281 col.
330 2226 520 2295 xxlvasqq.
550 2229 617 2296 κα[λ]
645 2226 752 2297 πάλ[ι]ν
781 2226 980 2297 ἐκατατ[ι]κ[ἠ]
1010 2224 1123 2296 [φ]ρίκη

100 2301 174 2350 θεῶν
194 2297 263 2368 [κ]αὶ
283 2300 405 2353 θανάτου
431 2303 475 2352 καί
494 2299 684 2369 [ἀλ]γηδόνων
704 2301 748 2352 καὶ
767 2304 825 2352 τῶν
843 2301 948 2362 ταύτας
965 2311 1124 2363 παραακευ·

101 2369 176 2423 άΖειν
196 2372 365 2436 δοξαμένων.
403 2371 490 2422 etiam
514 2369 589 2438 apud
612 2368 746 2438 Porphyr.
767 2369 803 2422 ad
822 2369 907 2422 Maro.
928 2373 961 2421 29
985 2386 1011 2436 p.
1034 2372 1122 2434 293‚4

101 2439 143 2491 ed.
164 2438 279 2492 Nauck²
296 2441 354 2510 (Us.
370 2441 403 2494 fr.
419 2443 481 2510 485)
505 2441 578 2494 hanc
602 2439 752 2493 effectuum
777 2440 1015 2493 enumerationem
1034 2438 1124 2492 habes

101 2510 219 2580 bipertit
221 2530 266 2564 am
285 2517 302 2580 ἢ
322 2515 375 2580 γὰρ
395 2515 440 2567 διὰ
459 2515 550 2580 φόβον
568 2530 610 2576 τις
628 2515 822 2579 κακοδαιμονεῖ
840 2515 858 2580 ἢ
878 2511 914 2565 δι’
927 2513 1058 2578 ἀόριστον
1077 2514 1125 2564 καὶ

102 2586 187 2650 κενὴν
207 2585 362 2651 ἐπιθυμίαν.

192 2653 340 2722 Sequentis
359 2654 496 2723 disputat
488 2655 560 2708 ronis
579 2655 712 2723 pleraque
731 2655 883 2723 perierunt,
903 2653 952 2706 sed
970 2651 1125 2705 verisimile

102 2728 146 2777 est
165 2726 329 2793 scriptorem
353 2727 387 2779 de
411 2730 489 2779 metu
513 2727 627 2780 deorum
647 2725 718 2780 talia
742 2725 845 2778 dixisse
869 2723 966 2792 qualia
984 2722 1125 2790 Epicurus

102 2813 162 2863 κυρ.
183 2799 274 2851 δόξ.1
295 2796 425 2865 etalibi,
455 2799 521 2851 deos
547 2815 636 2866 neque
660 2799 797 2850 mundum
816 2795 1012 2849 administrare
1031 2812 1124 2862 neque

103 2867 216 2920 omnino
234 2869 363 2922 homines
383 2886 492 2936 curare,
519 2886 582 2922 cum
601 2869 716 2922 minime
736 2868 838 2921 debeat
826 2866 952 2935 tputeri
971 2882 1017 2919 eos
1036 2868 1125 2934 πράγ-

103 2956 176 3004 ματα
195 2941 281 3005 ἔχεως
301 2941 334 2993 de
354 2944 432 2993 metu
450 2941 548 2994 mortis
567 2941 639 2994 talia
653 2939 749 3008 qualia
763 2938 944 2992 inveniuntur
958 2956 1018 3006 κυρ.
1030 2941 1086 2992 δόξ.
1098 2943 1123 3001 2,

103 3010 137 3062 de
161 3014 239 3063 metu
263 3011 389 3065 dolorum
413 3011 510 3079 qualia
533 3031 592 3079 κυρ.
608 3014 664 3067 δόξ.
685 3019 714 3079 4,
743 3011 777 3063 de
802 3009 1007 3078 cupiditatibus
1027 3008 1125 3077 qualia

103 3098 162 3148 κυρ.
178 3083 235 3137 δόξ.
250 3089 276 3150 3,
291 3089 325 3136 30
345 3083 422 3136 alibi.

176 3153 228 3205 col.
243 3153 270 3207 ΙΙ
286 3173 312 3207 v.
333 3159 349 3207 9
369 3156 462 3226 αὗται]
483 3153 542 3208 scil
562 3156 619 3222 φόβ
605 3159 647 3221 βοι
666 3157 711 3208 καί
730 3154 867 3220 ἐπιθυμία.

177 3298 218 3353 ir.
238 3296 329 3352 XXX
358 3299 418 3368 agit
418 3315 453 3350 ur
480 3298 513 3350 de
541 3300 620 3350 metu
648 3298 770 3349 deorum.
818 3297 873 3349 duo
901 3313 1005 3367 genera
1031 3297 1125 3347 metus

104 3369 267 3423 discernunt
255 3373 309 3435 tur,
332 3388 376 3422 me
378 3373 424 3422 tus
444 3368 611 3437 explanatus
631 3371 871 3438 (τετρανωμένος),
891 3385 945 3435 quo
965 3366 1060 3420 affecti
1037 3370 1124 3419 tsu—

104 3458 175 3508 mus,
195 3442 218 3494 si
237 3459 295 3493 rem
314 3441 406 3509 ipsam
421 3445 450 3494 et
464 3457 586 3507 causam,
606 3457 655 3494 cur
670 3458 732 3492 eam
746 3443 905 3507 timeamus,
924 3439 1007 3508 plane
1023 3453 1124 3519 cogno·

94 3511 191 3573 minas,
215 3516 245 3562 et
260 3515 358 3565 metus
376 3529 433 3566 non
454 3512 624 3582 explanatus
643 3513 842 3583 (ἀτοάνωτος)
870 3510 919 3578 qui
937 3509 985 3562 ille
1005 3527 1064 3564 esse
1082 3507 1125 3562 ri·
