2430 3840
492 157 711 221 ..95-

89 318 152 388 (col.
171 317 197 370 11
220 335 245 370 v.
262 318 360 384 ’4-14)
385 316 552 384 simpliciter
575 316 684 368 animas
711 333 761 383 per
785 334 813 368 se
838 315 911 368 solas
939 317 1110 371 immortales

88 390 205 443 reddere
224 391 352 457 oportere
375 389 557 441 transitiones
580 387 645 440 illas
667 388 952 455 praetermittentem,
967 431 1044 443 .....
1061 391 1111 442 aut

89 461 124 531 (si
142 460 317 514 immortales
335 478 385 528 per
404 477 432 512 se
452 460 529 527 ipsas
547 476 604 512 non
622 459 786 528 reddantur)
803 476 838 511 ne
852 459 1033 513 transitiones
1048 461 1110 529 qui·

90 533 154 586 dem
174 532 238 585 illas
258 531 335 584 credi
353 548 435 600 posse
455 532 540 600 (quod
560 548 646 598 supra
663 530 814 598 probatum
830 532 893 600 est),
911 531 996 584 immo
1015 533 1110 600 potius

88 607 150 658 tum
174 603 283 656 animas
306 605 372 671 post
394 604 513 655 mortem
537 603 634 656 statim
657 603 771 655 interire
795 602 965 654 credendum
988 621 1056 655 esse.
1076 635 1110 645 -

89 678 152 729 tota
169 675 259 746 igitur
278 675 368 727 oratio
387 674 522 744 Diogenis
547 673 615 727 illuc
638 675 772 742 pertinet:
801 674 982 727 transitiones
1001 677 1033 727 ut
1052 674 1110 727 effi-

90 748 148 801 ciat
166 746 350 814 Empedocles
370 747 479 798 animas
502 750 614 798 necesse
641 747 683 798 est
705 763 756 814 per
775 763 803 799 se
822 745 899 814 ipsas
917 747 1010 798 vivere
1029 763 1110 814 posse

90 818 227 872 concedat
250 820 339 888 (nam,
368 818 392 870 si
415 817 530 886 quidem
552 819 711 883 transeunt,
740 834 772 870 eo
795 817 858 885 ipso
881 819 1019 885 tempore,
1047 835 1111 871 cum

89 892 250 956 transeunt,
278 889 412 942 nimirum
437 907 487 957 per
515 906 543 941 se
566 890 687 958 vivunt);
721 890 765 941 sin
789 891 884 942 autem
906 906 957 956 per
980 907 1008 942 se
1034 889 1111 957 ipsas

89 962 183 1015 vivere
202 965 329 1029 possunt,
350 977 572 1030 supervacaneae
597 963 662 1013 sunt
680 959 746 1013 illae
765 961 947 1013 transitiones
966 959 1111 1030 multoque

92 1033 248 1102 simplicius
268 1033 376 1085 animas
395 1050 446 1101 per
465 1051 493 1086 se
512 1033 589 1101 ipsas
608 1032 781 1085 immortales
799 1032 936 1085 redderet.

161 1109 219 1157 πθ
250 1107 341 1158 ἑαυτῶ
360 1121 411 1173 pro
431 1110 550 1171 uecordi,
570 1104 646 1172 quod
664 1102 737 1156 nihil
756 1104 842 1157 habet
862 1103 1038 1170 offensionis,
1066 1104 1111 1156 his

90 1178 185 1229 tamen
210 1176 241 1228 in
268 1175 435 1245 fragmentis
463 1193 519 1229 non
546 1175 602 1228 nisi
629 1176 676 1228 hic
699 1175 849 1243 invenitur,
873 1175 1014 1242 siquidem
1036 1177 1111 1228 recte

90 1247 178 1300 verba
197 1247 329 1315 suppleta
348 1250 421 1300 sunt.
916 1267 924 1279 ·

164 1336 214 1389 col.
234 1335 259 1388 II
277 1355 302 1389 v.
318 1341 407 1388 4-14
434 1354 520 1388 unam
548 1335 578 1388 in
603 1336 772 1389 sententiam
794 1336 880 1389 verba
904 1336 1111 1404 comprehendi.

93 1414 143 1461 ant
161 1409 233 1462 enim
252 1409 363 1462 animas
378 1425 428 1475 per
446 1425 473 1462 se
491 1409 564 1462 sotus
582 1408 747 1462 immortales
766 1414 790 1462 te
808 1408 919 1461 reddere
933 1414 1043 1476 oportet,
1062 1414 1114 1461 aut

91 1480 117 1534 si
136 1479 314 1533 transitiones
336 1480 401 1533 illas
424 1479 502 1532 nobis
524 1479 668 1545 narrabis,
696 1480 747 1532 tibi
769 1479 878 1548 quidem
900 1495 958 1533 non
975 1479 1113 1533 credemus

93 1552 188 1617 (immo
208 1551 303 1617 potius
325 1567 371 1604 eas
393 1551 419 1604 si
437 1567 489 1618 per
511 1567 538 1604 se
560 1567 669 1604 manere
692 1567 749 1604 nou
767 1557 897 1619 possunt,
921 1556 1112 1619 postmortem

93 1622 206 1675 interire
224 1623 444 1690 arbitrabimur).

164 1710 189 1744 v.
209 1698 296 1746 9-12
325 1694 371 1746 ἵνα
397 1708 448 1748 σου
472 1694 506 1747 τὸ
529 1696 705 1760 πανέσχατον
729 1696 898 1761 σενμότερον
917 1695 1026 1760 ὑπῆρχε
1051 1693 1111 1762 [ab]

95 1764 219 1835 ψεῦσμα]
257 1771 289 1818 ut
308 1771 473 1833 postremum
496 1765 669 1819 medactum
691 1771 770 1819 tuum
792 1766 930 1819 honestius
949 1771 1021 1819 esset.
1059 1765 1112 1818 hoc

92 1837 265 1904 postremum
283 1837 461 1889 mendacium
486 1839 528 1889 est
551 1835 689 1904 placitum
707 1836 779 1889 illud
797 1836 985 1905 Empedoclis,
1005 1835 1112 1888 animas

93 1907 129 1960 ab
148 1906 251 1959 infimis
271 1906 440 1961 animalibus
460 1909 497 1960 ad
520 1908 664 1976 superiora
687 1908 829 1978 gradatim
853 1909 1035 1961 ascendentes
1063 1923 1113 1976 po-

93 1981 195 2032 stremo
211 1979 247 2031 ad
262 1979 328 2032 deos
345 1981 497 2047 pervenire,
517 1980 593 2046 quod
611 1979 704 2047 ipsum
724 1996 773 2032 suo
793 1979 879 2033 exitio
898 1981 979 2048 quasi
998 1981 1028 2031 in
1048 1980 1113 2032 deo-

92 2067 155 2102 rum
183 2051 294 2103 coetum
322 2050 465 2103 sublatum
493 2049 670 2103 confirmasse
694 2050 791 2103 fabula
815 2054 882 2103 erat.
921 2051 1016 2119 itaque
1042 2050 1113 2104 talia

93 2122 151 2174 iam
175 2124 259 2174 antea
282 2121 333 2174 col.
352 2121 378 2173 H
396 2140 421 2174 v.
438 2127 506 2173 1-3
530 2122 625 2190 posita
647 2120 734 2175 fuisse
752 2121 904 2174 verisimile
924 2124 973 2175 est.
1012 2122 1113 2190 Empe-

94 2192 202 2246 doclem
222 2194 317 2245 autem
335 2192 455 2245 irridens
474 2193 594 2260 scriptor
613 2193 683 2245 dicit
701 2193 753 2245 hoc
772 2193 950 2246 mendacium
965 2193 1114 2247 honestum

93 2265 180 2318 etiam
198 2264 344 2317 honestius
363 2281 430 2330 esse,
451 2264 474 2318 si
493 2265 606 2318 omnino
626 2264 734 2316 animas
753 2282 803 2332 per
821 2281 850 2317 se
864 2265 1037 2318 immortales
1050 2266 1112 2318 red·

94 2336 180 2389 deret.
229 2352 265 2388 an
293 2336 434 2402 ὑπήρχετο
463 2336 641 2389 scribendum
670 2337 732 2389 est?
777 2343 808 2389 ut
835 2337 1008 2392 mendacium
1035 2343 1115 2391 tuum

89 2414 258 2477 postremum
275 2407 414 2461 honestius
432 2408 544 2462 initium
563 2409 709 2462 habiturus
726 2415 798 2462 esset.

168 2513 210 2567 fr.
225 2513 361 2568 XXXVI
381 2513 431 2566 col.
446 2514 528 2582 Isqq.
550 2514 642 2567 adhuc
667 2514 701 2567 de
725 2515 821 2567 anima
844 2516 939 2585 agitur
957 2518 1021 2584 post
1041 2532 1115 2569 mor·

95 2589 152 2640 tem
172 2601 228 2638 non
246 2587 441 2653 permanente3
460 2585 628 2638 refelluntur
642 2585 730 2639 Stoici
748 2587 814 2638 inde
835 2604 851 2638 a
869 2605 894 2640 v.
911 2592 952 2640 1³.

167 2657 218 2711 col.
238 2656 252 2708 I
270 2656 381 2709 ostendi
399 2656 512 2709 videtur
531 2659 654 2710 animam
673 2658 732 2710 sine
753 2674 866 2727 corpore
885 2675 935 2726 per
954 2675 982 2712 se
1002 2661 1114 2726 (μονου-

96 2731 176 2798 μένη)
206 2729 315 2782 exstare
343 2744 399 2780 non
422 2744 511 2795 posse.
550 2729 598 2782 cfr.
619 2728 670 2797 Ep.
690 2746 733 2796 ep.
753 2729 814 2782 165
833 2729 890 2799 (Us.
910 2746 937 2796 p.
958 2736 1000 2796 21,
1015 2733 1115 2800 bsqq.)

95 2802 124 2852 et
142 2800 221 2854 Lucr.
241 2799 280 2853 ΙΠ
298 2818 323 2853 v.
339 2805 490 2867 434-444,
510 2805 660 2854 scu-579.

167 2888 216 2942 col.
237 2889 262 2941 H
279 2907 305 2942 v.
326 2895 413 2942 2-12
437 2888 587 2958 Chrysippi
612 2889 753 2943 sententia
776 2892 826 2956 est,
851 2889 900 2943 cfr.
920 2889 1001 2960 Diog.
1022 2890 1113 2944 baert.

95 2957 222 3021 1711157,
245 2960 345 3013 Arium
363 2960 517 3030 Didymum
537 2961 656 3031 Doxogr.
672 2979 699 3029 p.
715 2966 775 3027 411,
793 2966 825 3014 is
837 2979 896 3030 sqq.
915 2960 993 3014 Diels
1011 2965 1064 3029 τὴν
1084 2964 1115 3016 δὲ
1140 3002 1142 3006 -

96 3032 191 3096 ψυχήν
218 3034 340 3098 γενητήν
369 3037 414 3087 καὶ
441 3036 571 3101 φθαρτὴν
599 3036 728 3098 λέγουσιν
756 3036 806 3100 (sc.
830 3033 857 3087 οἱ
884 3034 1020 3101 Στωικοί).
1063 3036 1115 3087 οὔκ

97 3103 179 3165 εὐθὺς
203 3104 234 3156 δὲ
257 3108 307 3156 rob
332 3107 462 3171 σώματος
485 3109 690 3169 ἀπαλλαγεῖσαν
710 3105 879 3172 φθείρεσθαι,
899 3105 959 3158 ἀλλ’
977 3106 1115 3170 ἐπιμένειν

95 3190 173 3238 τινας
196 3174 314 3241 χρόνους
337 3177 399 3230 καθ’
417 3177 533 3244 ἑαυτήν·
562 3179 615 3243 τήν
639 3178 689 3242 μὲν
708 3181 766 3229 τῶν
786 3177 948 3230 σπουδαίων
968 3178 1045 3243 μέχρι
1064 3181 1116 3244 τῆς

95 3244 134 3309 εἰς
151 3250 207 3312 πθρ
227 3247 387 3311 ἀναλύσεως
405 3253 464 3301 τῶν
482 3250 605 3315 πάντων,
624 3251 677 3315 τὴν
696 3249 726 3301 δὲ
745 3253 803 3301 τῶν
823 3251 958 3315 ἀφρόνων
977 3250 1047 3315 πρὸς
1065 3267 1114 3303 πο-

96 3319 163 3381 σούς
180 3334 257 3381 τινας
275 3319 400 3384 χρόνους.
429 3320 462 3372 τὸ
482 3321 512 3373 δὲ
532 3322 670 3386 διαμένειν
688 3320 739 3383 τὰς
757 3321 849 3385 ψυχὰς
867 3321 958 3382 οὕτως
976 3321 1114 3388 λέγουσιν,

95 3389 138 3441 ότι
157 3390 323 3455 διαμένομεν
342 3391 421 3455 ἡμεῖς
438 3394 525 3456 ψυχαὶ
543 3394 689 3457 γενόμενοι
707 3396 758 3444 τοῦ
783 3393 915 3458 σώματος
932 3394 1131 3455 impendisse&

95 3463 140 3513 καὶ
159 3458 198 3524 εἰς
215 3460 323 3513 ἐλάττω
343 3463 546 3528 μεταβαλόντες
563 3463 662 3517 obolon
680 3465 736 3529 rhu
754 3467 815 3527 ahc
826 3465 943 3524 uonna„
955 3458 1070 3512 Q&
1082 3457 1148 3497 W

95 3533 231 3596 ἀφρόνων
250 3535 293 3584 καί
313 3531 427 3597 ἀλόγων
445 3535 531 3605 ζῴων
556 3537 658 3604 φανός
678 3533 930 3590 σμναπόλλοσθακ
949 3527 1025 3574 τοῖς
1041 3517 1181 3566 ΜΨ·
