2430 3840
495 831 750 903 Adnotaticncs.

182 1033 223 1090 fr.
239 1035 255 1089 Ι
273 1035 325 1089 ccl.
341 1035 353 1088 I
372 1053 397 1089 v.
412 1043 425 1089 1
446 1035 503 1090 tels
514 1035 584 1104 quid
598 1037 762 1092 antecessit:
782 1039 870 1107 [όρών
883 1041 951 1104 τοὺς
964 1046 1023 1102 ταῖς
1037 1045 1128 1104 κενούς

108 1114 160 1176 τῆς
187 1113 280 1176 ψυχῆς
307 1110 400 1173 δόξαις
427 1111 653 1173 ἀκολουθοῦντας
680 1114 724 1163 καί
753 1113 790 1176 μὴ
814 1112 969 1174 ἀκούοντος
997 1112 1128 1176 σώματος

110 1181 263 1248 έγκλήσεις]
286 1184 321 1246 τῆ
346 1184 423 1246 ψυχῆ
449 1221 566 1233 ......
591 1181 775 1248 ἐπιφέροντος
798 1185 842 1235 καί
865 1180 983 1248 δικαίας,
1008 1183 1051 1234 ότι
1070 1186 1126 1236 κτλ.

110 1251 186 1320 quod
205 1250 257 1304 col.
272 1249 298 1303 11
317 1268 340 1302 v.
355 1256 372 1303 4
391 1250 532 1317 excipitur
548 1253 668 1316 τούτους
686 1254 737 1305 ούν
756 1254 845 1320 όρών,
862 1254 945 1306 πόλιν
958 1255 1012 1320 γάρ
1028 1255 1127 1307 ἐπανο-

109 1325 268 1390 λήμψομαι,
288 1324 477 1387 διακειμένους
495 1323 594 1386 οὕτως.

180 1412 205 1447 ν.
222 1398 305 1462 3sqq.
331 1392 379 1446 cfr.
399 1392 483 1446 verbe
502 1392 656 1447 Democriti
674 1392 708 1446 fr.
724 1398 775 1447 159
793 1392 871 1447 Diels
888 1398 933 1449 καί
951 1397 1129 1462 Δημόκριτος

111 1469 161 1531 μέν
180 1468 224 1520 έπί
242 1468 295 1532 τὴν
314 1469 409 1532 ψυχὴν
424 1467 575 1532 ἀναφέρων
590 1463 664 1538 <τὴν
679 1465 769 1519 αἰτίαν
783 1464 855 1536 mg>
870 1465 1128 1537 κακοδαιμον<ίας>

111 1538 215 1605 φησίν·
241 1536 277 1590 *εἰ
298 1541 350 1590 τοθ
375 1539 505 1601 σώματος
523 1538 595 1605 αὐτῇ
616 1537 695 1604 δίκην
720 1539 855 1603 λαχόντος
873 1539 949 1605 παρὰ
967 1538 1060 1591 πάντα
1077 1539 1129 1591 τὸν

112 1609 171 1673 βίον
194 1609 235 1661 ών
259 1609 401 1675 ώδύνηται
424 1606 512 1679 <καί>
537 1613 629 1673 κακῶς
650 1611 802 1676 πέπονθεν,
827 1610 913 1673 αότός
938 1611 1049 1674 γένοιτο
1077 1613 1128 1662 τού

112 1679 284 1744 ἐγκλήματος
302 1678 490 1750 δκκαστής>,
514 1682 606 1746 ἡδέως
628 1681 662 1734 ἀν
686 1681 937 1748 καταψηφίσασθαι
959 1685 1010 1746 τῆς
1028 1685 1128 1747 ψυχῆς,

112 1749 163 1816 ἐφ’
181 1749 222 1812 οίς
239 1752 275 1803 τὰ
295 1753 344 1816 μέν
364 1753 492 1805 ἀπώλεσε
510 1756 561 1804 τού
582 1753 712 1816 σώματος
729 1758 789 1816 ταῖς
808 1751 945 1817 ἀμελείαις
958 1755 1003 1806 καί
1018 1753 1129 1806 ἐξέλυσε

111 1827 171 1883 ταῖς
194 1822 300 1888 μέθαις,
328 1824 363 1874 τά
392 1824 423 1876 δέ
447 1825 611 1889 κατέφθειρε
638 1825 681 1876 καί
701 1825 834 1877 διέσπασε
861 1830 921 1887 ταῖς
946 1823 1129 1891 φιληδονίαις,

112 1894 208 1958 ώσπερ
233 1893 355 1959 ὀργάνου
378 1895 453 1957 τινός
476 1897 493 1960 ἢ
519 1896 636 1958 σκεύους
660 1900 751 1959 κακῶς
774 1897 888 1960 ἔχοντος
910 1897 960 1948 τόν
984 1896 1130 1961 χρώμενον

112 1963 319 2027 αἰτιασάμενος
347 1965 376 2016 et
403 1962 481 2032 Epic.
511 1964 588 2032 apud
611 1964 658 2018 Us.
682 1964 716 2018 fr.
732 1970 784 2018 445
811 1968 881 2033 μηδὲ
905 1966 1054 2031 αἰτιώμεθα
1077 1969 1131 2032 τὴν

110 2035 200 2101 σάρκα
220 2035 258 2098 ώς
275 2039 334 2087 τών
354 2037 482 2100 μεγάλων
502 2041 595 2089 κακῶν
614 2036 705 2090 αἰτίαν
720 2037 789 2104 μηδ’
808 2037 846 2102 εἰς
858 2039 893 2090 τά
907 2038 1056 2103 πράγματα
1069 2039 1131 2104 τρέ-

111 2123 208 2169 πωμεν
227 2107 277 2169 τάς
295 2108 452 2173 δυσφοράς,
473 2108 503 2160 έν
523 2109 553 2160 δέ
572 2113 606 2175 τῇ
627 2113 703 2176 ψυχῇ
722 2109 773 2171 τάς
789 2109 901 2161 τούτων
920 2108 1008 2172 αἰτίας
1026 2112 1130 2173 μάλλον

112 2182 240 2244 Ζητώμεν
259 2180 315 2230 κτλ.

185 2266 208 2300 v.
225 2253 268 2301 89
293 2248 327 2300 de
347 2264 462 2316 corpore
485 2265 542 2301 non
560 2247 649 2303 multo
668 2249 814 2318 indigente
834 2249 882 2302 cfr.
903 2249 950 2303 Us.
969 2248 1017 2303 frr.
1033 2254 1085 2303 200
1103 2252 1133 2304 et

111 2325 163 2372 602
183 2322 212 2373 et
268 2318 335 2373 ctkc
354 2320 441 2373 Wien.
461 2320 540 2374 stud.
555 2319 580 2372 X
596 2325 647 2373 193
666 2322 736 2374 sent.
752 2325 786 2374 93
806 2323 909 2388 σαρκός
927 2325 1011 2389 φωνὴ
1032 2323 1066 2375 τό
1092 2324 1129 2388 μὴ

110 2396 221 2459 πεινῆν,
247 2393 281 2444 τό
305 2395 342 2458 μὴ
367 2394 466 2458 διψῆν,
489 2393 522 2444 τό
547 2396 584 2458 μὴ
604 2395 709 2460 ῥιγοῦν.
751 2397 842 2446 ταῦτα
859 2395 914 2459 γάρ
933 2395 1007 2459 έχων
1024 2410 1066 2456 τις
1085 2396 1133 2446 καί

110 2464 228 2519 ἐλπίζων
248 2465 317 2518 ἕξειν
337 2464 388 2516 κάν
407 2464 453 2516 Διί
471 2464 542 2529 ὑπέρ
561 2464 737 2528 εὐδαιμονίας
756 2466 915 2530 μαχέσαιτο.
952 2463 1042 2517 etiem
1069 2466 1128 2531 κύρ.

112 2537 168 2590 δόξ.
189 2536 222 2588 15
243 2535 272 2587 et
290 2539 322 2586 21
344 2536 373 2588 et
391 2533 424 2586 fr.
444 2539 496 2587 469
520 2533 568 2587 Us.
588 2534 758 2588 conferenda
781 2536 847 2588 sunt
865 2534 908 2604 (fr.
924 2539 976 2588 499
996 2536 1074 2602 χάρις
1096 2541 1131 2603 τῇ

112 2607 231 2676 μακαρίᾳ
255 2607 351 2673 φύσει,
377 2607 420 2659 ότι
444 2608 479 2660 τὰ
502 2608 638 2670 ἀναγκαῖα
662 2607 794 2675 έποίησεν
818 2609 1018 2674 εὐπόριστα,
1046 2608 1082 2660 τά
1101 2609 1133 2660 δέ

113 2680 286 2744 δυσπόριστα
305 2679 358 2732 οὐκ
377 2677 530 2742 ἀναγκαῖα.

182 2766 207 2801 ν.
225 2753 257 2801 19
266 2765 325 2816 sqq.
350 2750 391 2802 ὡν
420 2750 534 2803 δύναται
563 2753 608 2818 καί
631 2752 648 2815 ἡ
673 2751 750 2815 ψυχὴ
775 2750 1012 2803 συναπολαύουσα
1041 2752 1132 2812 καλῶς

112 2821 228 2888 διάγειν]
247 2819 296 2874 cfr.
316 2819 454 2888 imprimis
473 2819 520 2873 Us.
540 2818 574 2872 fr.
589 2825 641 2872 429
661 2820 685 2874 εἰ
699 2820 729 2873 δ’
742 2822 853 2884 ἀκούεις
867 2822 961 2874 αὐτῶν
977 2837 1134 2887 μαρτυρου·

114 2892 205 2953 μένων
229 2895 273 2945 καί
298 2895 444 2959 βοώντων,
469 2893 508 2955 ώς
530 2891 574 2945 ἐπ’
597 2893 692 2945 οὐδενὶ
715 2895 791 2958 ψυχὴ
815 2897 873 2945 τῶν
902 2893 994 2945 όντων
1023 2894 1132 2958 πέφυκε

113 2961 215 3027 χαίρειν
239 2966 283 3015 καί
305 2963 461 3030 γαληνίζειν
483 2966 557 3030 πλὴν
581 2965 625 3017 έπί
650 2964 780 3028 σώματος
802 2965 917 3029 ἡδοναῖς
934 2964 1089 3029 παρούσαις
1112 2966 1129 3028 ἢ

113 3035 369 3100 προσδοκωμέναις,
390 3039 434 3088 καί
452 3039 539 3088 τούτο
558 3036 645 3101 αὐτῆς
663 3036 769 3099 ἀγαθόν
788 3037 876 3102 ἐστιν,
897 3034 942 3102 ἀρ’
960 3035 994 3087 ού
1015 3033 1131 3088 δοκοθσί

115 3117 160 3156 σοι
180 3106 236 3156 κτλ.
275 3103 324 3157 cfr.
344 3105 432 3158 etiem
450 3105 497 3159 frr.
513 3106 575 3172 495,
589 3110 650 3158 418.

186 3173 238 3228 col.
253 3174 279 3227 11
298 3193 321 3227 ν.
341 3182 373 3229 10
391 3181 426 3243 τῆ
441 3183 500 3231 τών
515 3179 625 3244 χρόνων
641 3177 777 3244 ἀπωλείο]
794 3175 829 3228 de
843 3176 878 3228 iis
893 3175 1000 3229 dictum
1015 3178 1066 3242 est,
1086 3175 1132 3244 qui

113 3245 181 3312 quie
208 3246 337 3300 nesciunt
365 3263 437 3315 quae
460 3247 516 3301 sibi
539 3248 649 3316 prosint
673 3264 705 3300 es
729 3249 868 3314 quaerunt
891 3263 963 3315 ques
986 3264 1043 3300 non
1068 3263 1134 3315 pro-

113 3320 191 3384 sunt,
210 3317 240 3370 id
259 3319 302 3370 est
320 3317 473 3371 secundum
494 3318 645 3387 Epicurum
663 3319 697 3385 ii,
717 3319 766 3387 qui
784 3325 844 3383 τοῖς
862 3325 955 3384 κεναῖς
974 3323 1025 3386 τῆς
1042 3323 1137 3385 ψυχῆς

113 3391 205 3454 δόξαις
223 3388 422 3457 obsequuntur.
460 3389 508 3442 cfr.
528 3391 680 3458 praecipue
700 3389 824 3458 Epictet.
841 3389 1087 3446 ἀλοκλλλλίδξδδ
1102 3388 1159 3430 m&

110 3463 144 3514 τό
163 3467 214 3515 τού
235 3463 395 3530 φιλοσόφου
416 3463 509 3530 δῶρον
528 3467 617 3518 τούτο
636 3465 674 3531 ην
693 3460 772 3532 ίοολί.
792 3461 969 3524 suppum*
987 3453 1103 3510 bum&
1111 3447 1187 3489 *5*
