2430 3840
504 175 724 239 „83-

176 351 199 386 v.
221 339 236 384 9
264 335 317 400 τήν
347 336 465 399 μύδησιν
493 332 542 386 cfr.
567 332 647 387 Luor.
666 332 706 385 III
725 337 777 386 870
788 350 847 400 sqq.
873 334 992 402 proinde
1019 336 1069 389 obi
1095 351 1122 388 ee

103 405 197 458 ω’ἄεαι
223 405 357 458 hominem
385 405 560 475 iaaipoarier
581 406 681 472 ipsum,
703 409 768 473 post
789 411 900 458 mortem
926 405 985 471 sore
1013 413 1044 459 ot
1072 412 1123 460 aot

103 482 259 543 putescat
277 491 387 544 corpore
405 482 460 530 toto
479 483 530 532 aut
547 492 570 528 e.
586 493 612 542 q.
628 493 649 528 s.

175 581 216 636 fr.
231 580 338 636 XVIII
361 581 412 636 ool.
428 582 440 633 I
464 586 530 635 ante
549 600 572 635 v
590 588 603 634 1
632 582 691 636 tale
715 582 784 649 quid
806 581 923 665 periisse
946 584 1030 652 putat
1054 583 1122 638 Use-

104 670 165 707 ner:
195 656 289 721 ἐπειδὴ
314 657 344 708 δέ
368 656 401 707 τὸ
425 657 525 720 μέλλον
549 655 678 722 ἄπιστοι]
703 656 779 708 ἐστιν
798 654 856 706 sive
874 655 1011 736 ὕπουλδν]
1037 657 1121 723 ἐστιν,

104 725 169 779 HK:
195 728 348 792 ἐπειδὴδὲ
377 728 484 792 μέλλειν
512 728 564 779 οὐκ
592 727 717 794 έξ]εστιν.
754 725 846 794 magis
873 724 944 777 mihi
968 727 1026 780 tale
1054 727 1122 794 quid

103 796 281 866 placueritm
294 797 420 864 ..καίπερ
441 796 521 861 εἰδὼς
539 798 583 850 ἄτι
601 802 687 851 τοῦτο
702 799 834 865 χαλεπόν]
855 799 929 851 ἐστιν
944 799 988 851 διὰ
1007 801 1040 852 τὸ
1055 803 1121 866 κτλ,

103 871 136 921 ut
154 867 239 920 verba
263 869 293 921 έν
316 874 398 932 τοῖς
391 869 538 935 πράγμασι
561 869 692 932 ποικίλως
715 870 838 922 ἄστατον
863 868 900 920 ad
923 883 970 921 eas
988 886 1033 922 res
1051 885 1122 937 quas

104 941 276 993 tractaturus
295 939 332 992 sit
350 937 515 1004 referantur,
536 941 564 992 et
582 938 667 993 verba
685 942 718 993 τὸ
738 941 806 1005 ἐμὸν
825 941 911 994 ἔξωθε
928 944 1017 1007 γῆρας
1036 941 1122 1010 signi-

104 1011 197 1078 ficent,
217 1011 382 1078 scriptorem
401 1013 544 1064 senectute
563 1010 620 1063 iam
638 1011 722 1063 nimis
742 1011 900 1064 confectum
915 1027 975 1065 esse
990 1028 1074 1078 quam
1090 1014 1123 1066 ut

104 1084 164 1135 tam
184 1081 328 1135 difficilem
347 1100 406 1135 rem
425 1084 536 1135 tractet.

180 1153 231 1208 ool.
246 1152 272 1205 Π
290 1172 314 1207 v.
331 1159 346 1205 2
366 1154 578 1224 έναρθρότερος]
597 1154 706 1217 clarior,
727 1152 882 1208 dilucidior.

175 1225 227 1278 col.
241 1223 280 1277 III
298 1243 323 1277 v.
339 1229 424 1292 2sqq.
453 1228 487 1278 τὸ
515 1226 577 1278 ίσον
604 1231 645 1278 τῶ
674 1226 725 1277 κᾶν
748 1227 846 1291 παρὼν
870 1226 1030 1291 ὡμολόγεις.
1068 1227 1122 1280 toti

104 1295 421 1420 ⁸⁰¹¹t⁹¹¹fi⁸⁰XLffliiiI⁰⁰h¹⁸
444 1295 628 1364 praeponitur
652 1296 739 1348 etiam
764 1294 797 1348 fr.
812 1294 899 1347 LXIII
923 1296 974 1349 ool.
989 1295 1045 1350 118
1072 1297 1120 1351 cfr.

103 1367 195 1422 Praef.
236 1409 242 1421 .
347 1409 352 1419 .

175 1457 199 1492 v.
215 1386 249 1492 11³3
269 1438 317 1492 ofr.
337 1438 415 1506 Epio.
436 1437 555 1506 ep.145
578 1440 647 1492 ἀλλὰ
668 1441 722 1504 μὴν
742 1442 788 1492 καί
807 1439 906 1503 κόσμοι
925 1439 1035 1505 ἄπειροί
1053 1439 1122 1494 εἰσιν

104 1513 133 1563 et
151 1509 184 1562 fr.
201 1515 261 1577 301,
280 1509 360 1562 Luer.
379 1509 405 1562 H
421 1514 489 1562 1048
500 1527 559 1577 sqq.

177 1599 216 1652 fr.
231 1598 292 1651 XX
321 1599 529 1652 demonstretur
552 1599 660 1652 atomos
679 1597 804 1652 infinitas
823 1613 891 1652 esse.
921 1614 988 1651 nam
1006 1598 1062 1651 nisi
1080 1599 1122 1652 ita

105 1673 187 1737 esset,
201 1685 237 1723 ne
251 1669 325 1722 huno
341 1669 455 1736 quidem
469 1669 604 1722 mundum
620 1671 747 1723 orturum
761 1668 855 1724 fuisse.
885 1669 934 1724 cfr.
944 1669 996 1738 Ep.
1007 1686 1049 1738 ep.
1065 1669 1120 1723 142

105 1741 162 1809 (Ue.
173 1759 200 1809 p.
212 1744 238 1809 7)
258 1742 282 1795 εί
295 1760 326 1795 τε
340 1743 394 1809 γὰρ
408 1743 444 1808 ἦν
458 1744 492 1796 τὸ
507 1745 589 1796 κενὸν
603 1743 727 1810 ἄπειρον,
741 1743 777 1796 τὰ
792 1743 823 1796 δέ
837 1743 956 1808 σώματα
971 1743 1121 1810 ὡρισμένα,

106 1814 232 1876 οὐδαμοῦ
247 1815 281 1865 ἂν
297 1816 376 1879 ἔμενε
390 1816 425 1868 τὰ
440 1815 566 1882 σώματα,
577 1813 637 1868 ἀλλ’
646 1815 765 1881 ἐφέρετο
780 1815 851 1868 κατὰ
865 1815 898 1866 τὸ
913 1815 1029 1881 ἄπειρον
1039 1816 1122 1868 κενὸν

105 1886 301 1950 διεσπαρμένα,
321 1886 372 1938 οὐκ
391 1887 493 1951 ἔχοντα
511 1887 547 1940 τὰ
566 1885 795 1951 ὑπερείδοντα
815 1889 860 1938 καί
879 1887 1031 1939 στέλλοντα
1051 1887 1122 1940 κατὰ

104 1956 154 2018 τὰς
169 1957 312 2018 ἀνακοπάς
321 1955 359 2023 (λι
371 1973 394 2008 e.
404 1956 480 2023 quod
494 1955 576 2026 Diog
592 1956 663 2009 dicit
676 1957 707 2009 ἐκ
721 1961 780 2009 τῶν
794 1957 927 2021 πλαγίων.
947 1972 1014 2008 nam
1028 1955 1121 2026 plagis

107 2024 267 2079 efficiuntur
289 2028 382 2078 motus
401 2025 510 2094 obliqui
529 2029 687 2080 atomorum
706 2025 754 2080 cfr.
774 2026 824 2094 Ep.
846 2044 888 2095 ep.
907 2026 960 2093 11,
970 2033 1003 2080 61
1023 2028 1085 2082 οὐθ’
1102 2031 1120 2096 ἡ

105 2100 165 2151 ἄνω
185 2096 247 2150 οὐθ’
265 2099 282 2162 ἡ
303 2098 341 2161 εἰς
358 2100 391 2151 τὸ
410 2099 528 2163 πλάγιον
547 2101 592 2152 διὰ
610 2103 669 2153 τῶν
684 2100 828 2164 κρούσεων
843 2100 920 2165 φορὰ
935 2098 997 2152 οὐθ’
1010 2101 1027 2165 ἡ
1044 2101 1120 2154 κάτω

105 2171 149 2224 διὰ
173 2186 232 2222 των
255 2168 372 2235 ίδίωνβ
358 2171 527 2236 βαρῶν).-
551 2184 608 2236 qua
635 2168 874 2222 demonstratione
902 2186 971 2238 opus
1000 2173 1062 2223 erat
1084 2171 1121 2224 ad

106 2239 354 2292 demonstrandam
372 2239 544 2292 infinitatem
562 2240 737 2293 mundorum.
772 2255 839 2292 nam
853 2240 941 2293 atomi
955 2240 979 2294 si
993 2240 1122 2296 infinitae

105 2314 183 2377 sunt,
209 2310 269 2363 fieri
288 2327 343 2364 non
362 2312 464 2378 potest,
484 2311 552 2378 quin
570 2310 669 2364 mundi
688 2327 799 2379 quoque
817 2311 1036 2366 innumerabiles
1056 2313 1120 2367 sint.

106 2382 155 2436 cfr.
174 2381 226 2450 Ep.
246 2399 289 2450 ep.
309 2381 370 2435 145
390 2381 447 2451 (Ue.
465 2400 491 2450 p.
508 2389 523 2435 9
542 2400 567 2436 v.
583 2384 680 2451 tsqq.)
700 2384 769 2437 ἀλλὰ
789 2384 844 2449 μὴν
864 2386 909 2436 καί
927 2385 1027 2449 κόσμοι
1046 2386 1122 2439 ἄπει-

104 2456 148 2521 μοί
167 2454 236 2507 εἰσιν
255 2454 281 2507 ot
300 2454 325 2507 θ’
343 2456 434 2520 ὅμοιοι
452 2455 546 2523 τούτῳ
566 2458 611 2508 καί
630 2455 657 2508 οἱ
675 2455 809 2520 ἀνόμοιοι.
847 2453 877 2508 ui
894 2471 926 2508 τε
948 2457 1002 2522 γὰρ
1022 2457 1122 2522 ἄτομοι

105 2529 213 2592 ἄπειροι
232 2526 322 2591 οὖσαι,
342 2527 381 2590 ιίις
399 2528 461 2592 ἄρτι
480 2526 637 2593 ἀπεδείχθη,
657 2528 794 2594 φέρονται
812 2529 858 2579 καί
875 2528 1059 2592 πορρωτάτω.
1086 2529 1121 2582 οὐ

103 2599 157 2664 γὰρ
177 2597 390 2662 κατανήλωνται
409 2597 437 2650 αἱ
455 2603 583 2651 τοιαῦται
602 2599 710 2665 ἄτομοι,
730 2598 758 2652 ἐξ
777 2597 818 2650 ὧν
837 2598 872 2650 ἄν
887 2599 998 2662 γένοιτο
1018 2600 1122 2664 κόσμος

104 2672 126 2736 ἢ,
142 2669 194 2736 ὑφ’
213 2670 254 2722 ὡν
274 2670 308 2721 ἂν
327 2669 464 2736 ποιηθείη,
484 2668 544 2722 οὔτ’
563 2669 601 2733 εἰς
619 2671 669 2722 ένα
684 2668 745 2723 οὔτ’
758 2668 797 2732 είς
809 2670 1049 2734 πεπειρασμένους
1063 2673 1119 2724 κτλ.

105 2740 164 2808 (cfr.
180 2740 259 2793 Luor.
280 2738 306 2791 Π
322 2744 389 2793 1067
399 2742 479 2808 sqq.).

177 2811 227 2864 eol.
243 2810 255 2863 I
273 2828 297 2862 v.
315 2817 348 2864 14
375 2814 475 2877 ἄτομοι
498 2812 597 2878 φύσεις
620 2809 668 2864 cfr.
688 2809 721 2863 fr.
736 2809 762 2861 V
782 2809 844 2879 (HK
858 2811 903 2879 42)
927 2809 978 2863 eol.
993 2809 1020 2862 H
1034 2816 1066 2864 11
1092 2813 1122 2864 et

106 2880 157 2949 Ep.
178 2899 220 2951 ep.
239 2882 299 2934 141
320 2885 443 2948 ἀτόμους
462 2884 602 2948 σωμάτων
621 2884 727 2950 φύσεις.

177 2953 228 3006 eol.
243 2953 269 3005 ΙΙ
286 2960 341 3006 πθ
366 2955 575 3022 ἀσυνέλειιστοι]
603 2952 733 3022 Apollon.
754 2953 788 3005 de
811 2967 936 3020 pronam.
956 2969 983 3020 p.
1004 2952 1072 3006 δίΑ
1092 2955 1121 3012 et

106 3022 188 3077 1440
207 3026 236 3077 et
256 3025 289 3077 de
308 3028 409 3079 constr.
428 3044 455 3094 p
471 3029 532 3092 304,
542 3030 558 3078 8
578 3027 799 3088 ἀσυνελεύστους
813 3022 940 3092 appellat
954 3023 1024 3076 duas
1038 3040 1120 3078 voees
1191 3073 1195 3087 ,

105 3096 148 3161 (ut
162 3097 223 3161 tuot
242 3097 330 3165 αὐτῷ)
349 3115 407 3151 ooo
425 3097 611 3151 couvenientes
630 3098 767 3165 (ἐμαυτῷ)
787 3095 837 3149 sed
855 3097 1007 3164 separatas.

176 3184 201 3218 v.
217 3172 232 3218 3
253 3169 321 3232 μετὰ
336 3169 458 3236 αὐτάς,
450 3186 469 3222 1.
479 3186 502 3221 e.
518 3183 535 3220 a
552 3170 631 3237 tergo
647 3183 751 3232 earum,
770 3168 836 3236 post
849 3168 987 3219 extremas
1002 3168 1119 3221 atomos

175 3255 200 3291 v.
225 3242 240 3289 9
273 3243 334 3302 πῶς
366 3240 582 3306 ἄπογεννήσωσι
614 3238 809 3293 coniunctivae
842 3236 1055 3306 deliberaturus,
1088 3240 1121 3291 ut

104 3307 137 3362 fr
152 3307 242 3361 XXIX
261 3307 323 3378 (HK
338 3312 382 3378 63)
402 3310 509 3365 eol.13
539 3315 678 3379 ζητοῦμεν
700 3315 761 3374 πῶς
779 3309 872 3377 δβίος
889 3313 971 3377 ήμεῖν
989 3312 1059 3376 ἡδὺς
1075 3312 1120 3376 γέ·

104 3398 194 3448 νηται

175 3469 216 3525 fr.
228 3469 306 3524 XXI
323 3470 375 3523 ool.
390 3470 403 3522 I
420 3488 445 3523 v
462 3475 496 3524 10
514 3470 601 3524 verba
618 3474 725 3538 πότερα
743 3472 798 3537 γαρ
815 3471 927 3537 postes.
941 3467 1079 3517 oum.
1087 3467 1145 3507 &⁹0

102 3542 195 3611 excipi
214 3543 406 3611 cognoverunt
419 3540 524 3596 HK.—-
541 3543 578 3597 sis
594 3545 677 3597 terra
690 3542 794 3612 prior-e
808 3538 955 3591 sommus·
964 3529 1080 3656 ἉΞΜ
