2430 3840
484 189 730 255 -102-

95 365 191 401 versus
212 353 280 401 1—s
299 348 342 401 ita
360 347 489 416 supplevi
508 351 548 414 ut,
568 347 642 400 sicut
659 346 827 415 postulatur,
856 347 979 417 oppositi
999 348 1056 401 sint
1075 365 1120 401 se⁴

97 418 248 486 quentibus
267 418 401 474 versibus.
431 421 551 472 matrem
574 418 674 486 opinor
696 419 841 472 nocturnis
865 419 990 485 somniis,
1014 419 1118 487 quibus

97 489 187 543 filium
214 490 308 544 videre
336 490 470 559 putabat,
446 489 739 544 tsollieitatumt
711 492 739 542 st
766 489 825 544 filio
850 488 959 558 aliquid
982 490 1121 544 accidisse

95 565 188 615 retain
211 562 371 616 consolatur
388 560 542 632 Diogenes,
569 579 632 614 cum
654 562 777 629 primum
801 561 873 616 tales
892 561 998 630 species
1018 561 1121 615 absen-

97 632 170 686 tium
197 632 280 686 nihili
307 581 464 687 faciendosg
482 649 543 687 esse
570 632 702 686 ostendet
725 635 823 715 (usque
848 632 884 686 ad
908 631 960 687 col
978 631 1018 686 III
1036 651 1061 687 ν.
1082 635 1120 702 3),

97 703 199 757 deinde
228 706 364 772 exponat,
397 722 411 757 e
440 704 580 758 contrario
609 721 638 758 se
665 704 796 757 maximis
827 703 909 757 bonis
936 704 1121 773 philosophia

96 774 233 842 praebitis
256 775 313 828 frui
337 774 399 845 (col.
418 775 458 828 ΠΙ
475 794 500 830 ν.
516 781 532 828 3
551 792 640 844 usque
664 776 700 828 ad
723 775 843 843 proximi
861 775 1014 846 fragmenti
1034 775 1085 829 col.
1105 775 1120 828 I

97 864 123 900 ν,
145 848 197 916 10).

169 935 222 989 col
236 935 317 988 IVv
340 942 353 986 1
383 939 464 1002 ἡμεῖν
490 937 559 1004 τάδ’,
588 936 634 991 οἷα
663 937 775 1004 scripsi,
804 937 854 990 sed
881 935 1024 989 dubitans.
1061 952 1120 989 acu

94 1023 187 1074 parvo
211 1008 290 1061 uobis
312 1008 476 1077 contiacum
497 1009 576 1074 hacc,
602 1009 702 1077 quippe
729 1009 826 1076 quattu
848 1025 899 1062 css
920 1024 983 1062 αννι
1005 1007 1050 1061 dis
1068 1008 1121 1062 ud-

97 1084 219 1146 aequem.
201 1077 360 1132 tmslius
393 1078 500 1132 diceret
528 1077 688 1151 <τοιαθ>τα
715 1080 748 1148 δ’,
777 1095 850 1146 quae
881 1079 1001 1132 fortasse
1033 1077 1119 1147 culpa

97 1148 240 1216 lapicidae
259 1151 391 1202 truncata
409 1153 481 1202 sunt.

168 1237 193 1274 v.
209 1226 225 1272 3
248 1219 376 1273 homines
400 1221 515 1274 deorum
538 1220 746 1275 beatitudinem
769 1221 881 1290 assequi
903 1237 986 1290 posse
1005 1219 1119 1288 saepius

98 1290 236 1359 Epicurus
252 1291 344 1357 dixit,
369 1291 446 1345 velut
464 1293 497 1346 fr.
512 1297 563 1345 602
587 1295 681 1358 ἔλεγεν
700 1293 884 1362 (Ἐπίκουρος)
908 1293 1026 1360 ἑτοίμως
1044 1295 1122 1359 ἔχειν

98 1366 143 1416 καὶ
170 1370 212 1432 τῷ
240 1365 287 1418 Διὶ
314 1365 384 1430 ὑπὲρ
413 1364 589 1430 εὐδαιμονίας
616 1365 827 1430 διαγωνίζεσθαι
854 1368 944 1432 μᾶζαν
972 1366 1045 1431 ἔχων
1073 1367 1120 1418 καί

96 1435 174 1502 ὕδωρ
194 1436 223 1488 et
241 1435 319 1504 Epic.
340 1451 383 1502 ep.
398 1434 437 1487 HI
452 1440 511 1488 135.

18 1558 20 1562 .
167 1523 193 1559 ν.
210 1513 226 1559 4
246 1506 445 1560 aeternitatem
463 1506 536 1559 nihil
554 1505 652 1559 afferre
672 1507 709 1560 ad
727 1505 843 1560 beatam
857 1506 947 1559 vitam
965 1505 1037 1559 dicit
1050 1505 1122 1574 Epi·

97 1592 180 1630 ourus
204 1579 281 1645 apud
304 1577 360 1632 Cic.
381 1578 415 1630 de
438 1577 484 1631 fin.
504 1578 530 1630 ΙΙ
546 1582 632 1644 27,87
657 1584 739 1648 nepot
757 1579 900 1647 Epiruma
923 1594 958 1631 ac
976 1578 1122 1632 diuturni·

96 1654 178 1704 tatem
197 1650 307 1717 quidem
330 1651 458 1717 temporis
481 1651 519 1704 ud
543 1650 617 1704 beate
638 1650 785 1703 uiuendum
803 1649 912 1718 ailquid
930 1648 1042 1715 offerre,
1069 1665 1122 1704 occ

95 1721 228 1774 miserem
250 1722 418 1789 uoluptatem
460 1723 547 1789 crespi
567 1722 599 1773 ia
622 1722 753 1775 bonitate
776 1723 904 1790 temporis
922 1738 1005 1789 quam
1023 1721 1049 1774 si
1066 1721 1118 1775 illa

25 1838 28 1843 .
95 1793 132 1845 sit
148 1795 319 1860 sempiterna.
368 1790 417 1844 cfr.
436 1739 492 1845 gio.
512 1791 530 1844 l.
546 1809 569 1844 c.
589 1791 649 1844 119
672 1793 791 1863 §wsb-¹3,
809 1810 869 1860 κορ.
890 1794 946 1846 odi.
965 1790 1039 1859 XIX,
1057 1791 1117 1845 XX.

168 1915 210 1969 fr.
229 1915 326 1970 LXIV
346 1915 429 1969 col.I
459 1933 522 1969 cum
549 1916 650 1983 prioris
678 1915 830 1984 fragmenti
858 1914 989 1970 columna
1016 1918 1139 1983 quarta,

96 1990 157 2040 arte
176 1987 328 2040 coniuncta
347 1991 397 2040 cst.
436 2005 518 2054 „cum
535 1987 682 2052 vivimus“,
705 1986 812 2054 inquit,
840 2004 946 2056 „acque
967 1991 1051 2056 atque
1071 1987 1117 2040 dei

95 2057 242 2126 laetamur,
266 2075 329 2112 cum
346 2059 451 2112 mortui
471 2075 574 2124 sumus,
598 2058 674 2112 omni
694 2075 777 2111 sensu
796 2076 931 2125 caremus,
949 2059 1046 2128 itaque
1065 2075 1118 2112 nos

94 2129 256 2198 voluptates
278 2131 355 2184 vitae
384 2129 512 2183 amisisse
535 2146 592 2183 non
615 2129 778 2183 sentimus.“
816 2147 871 2199 quo
894 2131 1045 2200 probatum
1064 2133 1116 2197 est,

96 2201 171 2268 quod
190 2201 223 2253 fr.
239 2201 326 2255 LXIII
344 2201 395 2255 col.
411 2201 449 2256 IV
468 2201 581 2268 dicitur,
600 2201 805 2255 mortalitatem
823 2220 874 2256 nos
893 2203 1009 2256 minime
1028 2202 1120 2270 impc-
1161 2209 1163 2212 ’

97 2271 165 2337 dire,
186 2273 335 2340 quominus
355 2272 692 2326 deorumbeatitudinem
712 2274 910 2340 adaequemus.

100 2357 102 2362 ·
168 2361 207 2396 vv.
225 2350 293 2397 1-5
322 2344 391 2412 quin
409 2344 452 2397 ita
469 2343 655 2412 intellegendi
675 2345 740 2411 sint,
758 2347 791 2398 ut
809 2345 893 2399 modo
913 2345 980 2412 dixi,
998 2345 1046 2398 vix
1065 2345 1120 2398 du·

96 2414 175 2468 bium
199 2433 259 2468 esse
282 2418 384 2484 potest.
423 2416 607 2469 conferendus
631 2419 674 2469 est
697 2433 731 2470 ex
759 2416 949 2485 compluribus
975 2415 1117 2470 similibus

96 2485 165 2539 loeis
193 2487 331 2555 imprimis
359 2486 541 2555 Pseudoplat.
569 2487 685 2541 Axioch.
713 2505 739 2555 p.
767 2487 853 2541 6691)
869 2505 928 2556 sqq.
958 2487 1022 2557 (toti
1048 2487 1117 2541 huio

95 2557 193 2611 libello
212 2558 302 2611 multa
319 2558 418 2612 insunt
431 2558 591 2626 Epicurea):
617 2559 776 2627 (Ἀξίοχος).
788 2603 794 2614 .
806 2602 812 2614 .
824 2561 884 2625 ,ἐμὲ
904 2561 934 2613 δὲ
952 2561 969 2625 ἡ
986 2561 1117 2625 στέρησις

95 2635 155 2684 τῶν
179 2631 293 2694 ἀγαθῶν
316 2635 367 2684 τοῦ
388 2633 439 2696 Ζῆν
459 2633 539 2684 λυπεῖ
554 2672 631 2685 .....
646 2633 809 2698 Σωκράτης
839 2631 990 2693 Συνάπτεις
1007 2631 1114 2696 γάρ,ῶ

97 2701 210 2767 Ἀξίοχε,
230 2701 446 2765 ἀνεπιλογλστως
467 2707 502 2770 τῇ
523 2702 651 2768 στερήσει
669 2708 729 2756 τῶν
744 2704 858 2766 ἀγαθῶν
877 2701 1049 2763 ἀντεισάγῶν
1068 2716 1118 2753 κα·

96 2778 154 2826 κῶν
173 2773 310 2838 αἴσθησιν,
331 2773 517 2838 ἐκλαθόμενος
537 2774 581 2826 ὅτι
598 2775 742 2840 τέθνηκας.
781 2777 860 2826 λυπεῖ
877 2773 930 2837 γὰρ
948 2771 1000 2823 τὸν
1018 2772 1118 2838 στερὸ·

97 2861 182 2910 μενον
200 2849 258 2896 τῶν
278 2843 393 2906 ἀγαθῶν
412 2845 429 2909 ἡ
450 2844 613 2898 ἀντιπάθεια
631 2850 691 2898 τῶν
709 2850 812 2910 κακῶν,
832 2845 847 2896 d
867 2842 892 2895 δ’
910 2843 1017 2895 οὐκῶν
1033 2842 1118 2897 οὐδὲ

95 2919 155 2980 τῆς
174 2915 370 2981 στερήσεως
389 2915 684 2982 ἀντιλαμβάνεται.

166 3002 192 3037 ν.
208 2989 225 3035 4
244 2987 274 3038 δὲ
303 2986 361 3037 tem
386 2984 469 3054 longe
489 2985 525 3038 ab
544 2986 626 3039 initio
647 2984 802 3039 sententiae
820 2985 959 3035 remotum
977 2982 1007 3037 in
1027 2983 1114 3038 simili

96 3056 237 3110 sententia
255 3056 288 3108 fr.
303 3055 390 3110 LXVI
408 3075 433 3109 v.
450 3062 482 3109 11
503 3059 537 3110 ἂν
558 3060 594 3124 μή
615 3059 784 3122 διαγὲνῶμαι
803 3057 841 3108 δέ.
1144 3070 1149 3078 ·

167 3145 190 3180 v.
207 3133 221 3179 7
241 3130 385 3194 προσδόκα
403 3131 477 3194 ἡμᾶς
494 3129 643 3196 χαίροντας
662 3127 711 3182 cfr.
730 3124 820 3179 Prcef.
835 3144 862 3194 p.
877 3124 1001 3180 XXVIII.

166 3217 191 3252 v
209 3206 223 3251 9
253 3201 348 3266 ἔπαιρε
376 3202 499 3266 σεαυτὴν
528 3200 574 3267 ἐφ’
596 3200 638 3264 οἷς
660 3200 828 3280 πράττομεν.
866 3196 1020 3251 Usenerum
1045 3199 1116 3252 haec

94 3269 243 3322 verba't
199 3287 228 3322 ιιι
231 3272 433 3337 terpretantem
446 3273 516 3339 puto
530 3273 607 3325 recte
620 3268 760 3339 proficisci
774 3285 791 3322 a
805 3267 926 3322 formula
940 3272 1035 3336 ἔπαιρε
1049 3285 1118 3324 σαυ-

94 3343 168 3408 τόν,-
182 3358 267 3408 quam
296 3357 378 3409 saepe
408 3342 484 3408 apud
511 3344 610 3409 poetas
638 3342 762 3412 tragicos
788 3344 817 3394 et
840 3339 961 3394 comicos
985 3340 1116 3409 legimus,

94 3411 865 3560 astruuntttttugztnttttttttt(fitted
876 3412 1118 3552 ttttbtrta

77 3550 238 3618 trincntcm,
268 3555 356 3607 ncfi
356 3554 414 3609 lius
437 3553 515 3610 male
545 3572 573 3610 se
601 3555 708 3612 habeut
730 3555 791 3627 <cir
810 3555 847 3607 ad
864 3552 897 3607 fr
922 3553 1117 3607 antecedentis
