2430 3840
497 746 732 848 Praefatio.

174 955 317 1034 Diogenis
350 953 572 1015 Oenoandensis
603 957 784 1033 fragmenta,
818 974 893 1030 quae
926 973 1003 1038 anno
1037 924 1121 1013 1884

107 1044 166 1104 viri
198 1045 278 1104 docti
315 1044 531 1123 Franoogalbci
562 1043 711 1104 Holleaux
744 1047 774 1103 et
807 1042 892 1102 Paris
923 1046 1014 1119 atque
1045 1045 1123 1108 inses

12 1147 13 1151 ’
108 1136 214 1210 quenti
246 1153 323 1193 anno
356 1133 445 1192 Diehl
477 1137 507 1192 et
540 1133 649 1194 Oousin
680 1135 887 1210 reppererrmt,
925 1140 1002 1192 anno
1036 1132 1121 1192 1889

43 1236 45 1240 ⁴
107 1223 265 1299 descripsit
297 1221 407 1283 Oousin
439 1241 576 1298 annoque
611 1224 696 1282 1892
732 1221 826 1282 edidit
862 1223 894 1278 in
927 1221 1122 1297 ephemeridis

108 1313 240 1372 Bullet‘c
258 1313 293 1371 de
311 1313 556 1386 correspouduocc
574 1310 746 1385 Hebrumque
763 1314 845 1371 tomo
861 1309 933 1369 xvi
955 1331 983 1387 p.
1005 1311 1122 1368 1—76.

108 1408 167 1478 ’1119
191 1402 322 1460 editione
344 1403 427 1460 nisus
451 1399 553 1460 eodem
575 1403 637 1460 iam
660 1419 738 1460 anno
767 1403 815 1461 vir
836 1399 1025 1459 doctissimus
1047 1398 1122 1466 Her-
1191 1406 1194 1410 ’

107 1510 233 1551 mannus
256 1490 382 1566 Usener,
406 1509 495 1566 quem
521 1510 616 1566 nuper
638 1493 790 1550 mortuum
817 1508 880 1549 esso
907 1507 1008 1557 omnes
1035 1488 1122 1552 vehe-

106 1583 222 1639 menter
250 1580 396 1653 dolemus,
425 1579 614 1658 sagacissime
641 1581 812 1656 fragmenta
838 1578 893 1636 illa
920 1578 1064 1637 tractavit
1091 1577 1123 1634 in

14 1694 15 1697 ¹
107 1669 210 1728 Musei
231 1669 369 1729 Rbeuucu'
391 1671 533 1729 89111147
559 1671 590 1727 68
612 1671 649 1727 ut
671 1671 768 1728 acrius
792 1669 888 1727 solum
915 1666 991 1726 illud
1013 1665 1124 1742 Lyciae

108 1757 207 1814 fertile
234 1759 487 1836 pervestigaretur
516 1757 678 1817 admonuit.
729 1760 760 1816 98
787 1759 899 1834 optime
923 1755 1025 1814 meriti
1052 1758 1125 1814 sunt

108 1845 166 1901 viri
185 1845 265 1903 docti
283 1847 435 1906 Austriaci
453 1847 611 1923 Heberdey
630 1850 660 1905 et
675 1846 820 1920 Kalinka,
840 1845 918 1920 quod
937 1863 1015 1904 anno
1036 1845 1122 1904 1895

107 1936 300 1992 monumenta
326 1936 381 1994 illa
403 1935 523 2010 lapidea
549 1938 784 2013 recognoverunt
813 1938 843 1994 et
870 1953 947 1992 anno
978 1935 1061 1994 1897
1090 1933 1123 1990 11

108 2021 189 2080 illius
218 2022 361 2082 Bulletinc‘
387 2026 468 2083 tomo
491 2025 562 2083 XXI
589 2045 616 2102 p.
639 2025 813 2084 346-443
849 2023 1012 2081 ediderunt.
1064 2039 1124 2096 qua

108 2111 238 2170 editione
261 2113 344 2186 prior
368 2111 489 2172 Oousini
507 2132 627 2189 prorsus
646 2115 707 2172 fere
722 2113 880 2172 obscurata
898 2115 929 2171 et
947 2112 1122 2188 plerumque

107 2205 172 2259 tum
191 2201 290 2259 solum
308 2200 475 2260 adhibenda
494 2205 547 2276 est,
566 2205 592 2262 si
610 2203 778 2280 fragmenta
792 2203 892 2261 servat
906 2200 942 2258 ab
954 2200 1123 2265 Austriaois

107 2308 167 2348 non
189 2293 316 2366 reperta.
362 2309 432 2349 nam
455 2295 485 2350 98
507 2292 640 2367 ipsorum
660 2291 793 2365 lapidum
816 2291 944 2348 formam
966 2290 998 2348 in
1016 2290 1124 2348 horum

107 2379 237 2439 editione
260 2378 376 2439 invenis
404 2379 563 2457 diligenter
591 2381 739 2456 depictam
767 2383 797 2439 98
824 2379 1017 2455 descriptam,
1045 2378 1122 2438 unde

107 2469 203 2527 multa
226 2469 301 2529 disci
330 2473 468 2546 possunt,
497 2488 573 2544 quae
600 2471 777 2548 gravissimo
804 2469 955 2527 momento
982 2471 1065 2543 sunt,
1093 2470 1123 2528 et

106 2556 247 2619 lectiones
274 2559 358 2636 ipsae
385 2558 443 2618 tibi
469 2557 650 2634 praebentur
677 2559 773 2616 multo
807 2557 1017 2632 accuratiorem
1049 2575 1122 2615 non-

106 2647 190 2706 nulla
214 2667 332 2724 quoque
359 2666 438 2706 nova
465 2648 635 2724 fragmenta
665 2649 857 2707 accesserunt.
909 2645 1000 2704 etiam
1027 2645 1124 2703 maior

105 2734 141 2792 fit
162 2735 251 2797 buius
275 2737 413 2796 editionis
436 2735 555 2796 utilitas
574 2742 605 2795 98
622 2736 779 2794 verborum
798 2735 1024 2811 supplementis,
1046 2753 1122 2809 quae

107 2825 217 2897 partim
241 2845 276 2884 ex
300 2825 424 2885 Useneri
448 2826 590 2900 opusculo
613 2827 732 2900 recepta
759 2824 871 2901 partim
893 2824 930 2882 ab
958 2823 1121 2882 editoribus

108 2911 233 2995 aliisque
264 2915 338 2975 viris
370 2915 465 2974 doctis
497 2913 635 2992 praebita
663 2913 808 2988 efficiunt,
839 2917 875 2973 ut
907 2914 1026 2972 facilius
1055 2931 1121 2972 oon·

107 3002 205 3058 textus
229 3001 359 3083 intelligi
385 3004 495 3080 possit,
525 3007 555 3062 et
583 3003 757 3079 appendice,
787 3023 846 3079 qua
874 3002 1017 3062 sermonis
1046 3021 1122 3076 quae

106 3091 319 3151 memoratione
346 3092 438 3170 digna
466 3096 536 3152 sunt
563 3092 722 3170 diligenter
750 3092 787 3152 ab
815 3091 979 3150 editoribus
1004 3109 1122 3166 compo·

106 3181 226 3236 nuntur.

174 3267 296 3327 Talibus
322 3271 525 3330 fundamentis
552 3271 683 3330 innisum
712 3271 826 3346 aliquid
853 3273 924 3330 novi
952 3290 982 3330 se
1006 3269 1121 3328 efficere

104 3376 192 3435 posse
216 3359 308 3416 etiam
329 3360 356 3419 is
378 3361 490 3435 speret,
514 3360 566 3435 qui
589 3380 649 3421 non
672 3361 736 3436 ipse
760 3360 875 3436 lapides
895 3360 964 3418 illos
982 3359 1124 3430 loquaces

104 3447 223 3507 viderit.
270 3465 338 3505 oum
365 3449 444 3507 enim
467 3449 563 3513 multa
585 3469 604 3508 a
626 3449 701 3515 viris
722 3448 825 3508 doctis
846 3448 953 3505 stunc
981 3439 1161 3514 amnem
