<?xml version="1.0" encoding="UTF-8"?>
<!DOCTYPE html PUBLIC "-//W3C//DTD XHTML 1.0 Transitional//EN"
    "http://www.w3.org/TR/xhtml1/DTD/xhtml1-transitional.dtd">
<html xmlns="http://www.w3.org/1999/xhtml" xml:lang="en" lang="en">
 <head>
  <title>
</title>
<meta http-equiv="Content-Type" content="text/html;charset=utf-8" />
  <meta name='ocr-system' content='tesseract 3.04.00' />
  <meta name='ocr-capabilities' content='ocr_page ocr_carea ocr_par ocr_line ocrx_word'/>
</head>
<body>
  <div class='ocr_page' id='page_1' title='image "./diogenisoenoand00dioggoog_0137.png"; bbox 0 0 2430 3840; ppageno 0'>
   <div class='ocr_carea' id='block_1_1' title="bbox 503 160 725 225">
    <p class='ocr_par' dir='ltr' id='par_1_1' title="bbox 503 160 725 225">
     <span class='ocr_line' id='line_1_1' title="bbox 503 160 725 225; baseline 0 -19"><span class='ocrx_word' id='word_1_1' title='bbox 503 160 725 225; x_wconf 75' lang='grc'>..88-</span> 
     </span>
    </p>
   </div>
   <div class='ocr_carea' id='block_1_2' title="bbox 85 317 1125 3597">
    <p class='ocr_par' dir='ltr' id='par_1_2' title="bbox 104 317 1123 587">
     <span class='ocr_line' id='line_1_2' title="bbox 177 317 1123 388; baseline 0.001 -15"><span class='ocrx_word' id='word_1_2' title='bbox 177 319 218 373; x_wconf 78' lang='lat' dir='ltr'><strong>fr.</strong></span> <span class='ocrx_word' id='word_1_3' title='bbox 233 319 319 374; x_wconf 80' lang='lat' dir='ltr'><strong>XXV</strong></span> <span class='ocrx_word' id='word_1_4' title='bbox 335 317 386 372; x_wconf 87' lang='lat' dir='ltr'><strong>ool.</strong></span> <span class='ocrx_word' id='word_1_5' title='bbox 402 317 422 371; x_wconf 91' lang='grc' dir='ltr'><strong>Ι.</strong></span> <span class='ocrx_word' id='word_1_6' title='bbox 442 317 621 388; x_wconf 84' lang='lat' dir='ltr'><strong>praefatione</strong></span> <span class='ocrx_word' id='word_1_7' title='bbox 640 318 727 385; x_wconf 79' lang='lat' dir='ltr'><strong>finita,</strong></span> <span class='ocrx_word' id='word_1_8' title='bbox 747 335 847 387; x_wconf 89' lang='lat' dir='ltr'><strong>quase</strong></span> <span class='ocrx_word' id='word_1_9' title='bbox 867 319 902 373; x_wconf 89' lang='lat' dir='ltr'><strong>de</strong></span> <span class='ocrx_word' id='word_1_10' title='bbox 921 336 1029 374; x_wconf 88' lang='lat' dir='ltr'><strong>summo</strong></span> <span class='ocrx_word' id='word_1_11' title='bbox 1049 320 1123 374; x_wconf 91' lang='lat' dir='ltr'><strong>bono</strong></span> 
     </span>
     <span class='ocr_line' id='line_1_3' title="bbox 104 389 1122 460; baseline 0.001 -16"><span class='ocrx_word' id='word_1_12' title='bbox 104 393 234 444; x_wconf 87' lang='lat' dir='ltr'><strong>acturum</strong></span> <span class='ocrx_word' id='word_1_13' title='bbox 258 407 318 444; x_wconf 84' lang='lat' dir='ltr'><strong>esse</strong></span> <span class='ocrx_word' id='word_1_14' title='bbox 341 389 480 460; x_wconf 81' lang='lat' dir='ltr'><strong>promisit,</strong></span> <span class='ocrx_word' id='word_1_15' title='bbox 504 389 548 458; x_wconf 89' lang='lat' dir='ltr'><strong>(fr.</strong></span> <span class='ocrx_word' id='word_1_16' title='bbox 563 389 654 442; x_wconf 85' lang='lat' dir='ltr'>XXIII</span> <span class='ocrx_word' id='word_1_17' title='bbox 673 389 725 444; x_wconf 90' lang='lat' dir='ltr'><strong>ool.</strong></span> <span class='ocrx_word' id='word_1_18' title='bbox 738 390 765 442; x_wconf 88' lang='grc' dir='ltr'>Π</span> <span class='ocrx_word' id='word_1_19' title='bbox 784 391 813 444; x_wconf 89' lang='lat' dir='ltr'><strong>et</strong></span> <span class='ocrx_word' id='word_1_20' title='bbox 830 389 878 460; x_wconf 92' lang='lat' dir='ltr'>III)</span> <span class='ocrx_word' id='word_1_21' title='bbox 902 408 976 445; x_wconf 91' lang='lat' dir='ltr'><strong>nunc</strong></span> <span class='ocrx_word' id='word_1_22' title='bbox 1000 391 1122 460; x_wconf 89' lang='lat' dir='ltr'><strong>primum</strong></span> 
     </span>
     <span class='ocr_line' id='line_1_4' title="bbox 105 460 1123 531; baseline 0.003 -16"><span class='ocrx_word' id='word_1_23' title='bbox 105 461 331 516; x_wconf 83' lang='lat' dir='ltr'><strong>adversariorum</strong></span> <span class='ocrx_word' id='word_1_24' title='bbox 345 461 524 531; x_wconf 77' lang='lat' dir='ltr'><strong>(Stoicorum)</strong></span> <span class='ocrx_word' id='word_1_25' title='bbox 538 460 625 514; x_wconf 85' lang='lat' dir='ltr'><strong>falsas</strong></span> <span class='ocrx_word' id='word_1_26' title='bbox 640 461 787 530; x_wconf 80' lang='lat' dir='ltr'><strong>opiniones</strong></span> <span class='ocrx_word' id='word_1_27' title='bbox 802 461 930 530; x_wconf 87' lang='lat' dir='ltr'><strong>dissipat,</strong></span> <span class='ocrx_word' id='word_1_28' title='bbox 945 463 995 530; x_wconf 94' lang='lat' dir='ltr'><strong>qui</strong></span> <span class='ocrx_word' id='word_1_29' title='bbox 1005 463 1123 518; x_wconf 75' lang='lat' dir='ltr'><strong>virtutes</strong></span> 
     </span>
     <span class='ocr_line' id='line_1_5' title="bbox 104 532 590 587; baseline 0 -1"><span class='ocrx_word' id='word_1_30' title='bbox 104 551 245 586; x_wconf 90' lang='lat' dir='ltr'><strong>summum</strong></span> <span class='ocrx_word' id='word_1_31' title='bbox 262 532 368 586; x_wconf 91' lang='lat' dir='ltr'><strong>bonum</strong></span> <span class='ocrx_word' id='word_1_32' title='bbox 387 548 447 586; x_wconf 85' lang='lat' dir='ltr'><strong>esse</strong></span> <span class='ocrx_word' id='word_1_33' title='bbox 466 535 590 587; x_wconf 88' lang='lat' dir='ltr'><strong>censent.</strong></span> 
     </span>
    </p>

    <p class='ocr_par' dir='ltr' id='par_1_3' title="bbox 103 603 1123 872">
     <span class='ocr_line' id='line_1_6' title="bbox 176 603 1122 677; baseline 0.002 -20"><span class='ocrx_word' id='word_1_34' title='bbox 176 623 200 658; x_wconf 88' lang='lat' dir='ltr'><strong>v.</strong></span> <span class='ocrx_word' id='word_1_35' title='bbox 216 603 267 677; x_wconf 72' lang='lat' dir='ltr'><strong>²s3</strong></span> <span class='ocrx_word' id='word_1_36' title='bbox 291 608 353 672; x_wconf 80' lang='grc' dir='ltr'>περὶ</span> <span class='ocrx_word' id='word_1_37' title='bbox 373 607 423 670; x_wconf 90' lang='grc' dir='ltr'><strong>μέν</strong></span> <span class='ocrx_word' id='word_1_38' title='bbox 441 609 493 672; x_wconf 87' lang='grc' dir='ltr'><strong>τῆς</strong></span> <span class='ocrx_word' id='word_1_39' title='bbox 511 604 687 674; x_wconf 85' lang='grc' dir='ltr'>ἀφροσύνης]</span> <span class='ocrx_word' id='word_1_40' title='bbox 716 606 800 657; x_wconf 88' lang='lat' dir='ltr'><strong>antea</strong></span> <span class='ocrx_word' id='word_1_41' title='bbox 818 603 936 658; x_wconf 63' lang='lat' dir='ltr'><strong>sonasse</strong></span> <span class='ocrx_word' id='word_1_42' title='bbox 956 621 1122 659; x_wconf 90' lang='lat' dir='ltr'><strong>commemo·</strong></span> 
     </span>
     <span class='ocr_line' id='line_1_7' title="bbox 103 674 1123 745; baseline 0.001 -16"><span class='ocrx_word' id='word_1_43' title='bbox 103 677 177 730; x_wconf 86' lang='lat' dir='ltr'><strong>ravit</strong></span> <span class='ocrx_word' id='word_1_44' title='bbox 196 676 353 730; x_wconf 86' lang='lat' dir='ltr'><strong>Stoicorum</strong></span> <span class='ocrx_word' id='word_1_45' title='bbox 371 675 452 728; x_wconf 89' lang='lat' dir='ltr'><strong>illam</strong></span> <span class='ocrx_word' id='word_1_46' title='bbox 471 676 506 729; x_wconf 85' lang='lat' dir='ltr'><strong>de</strong></span> <span class='ocrx_word' id='word_1_47' title='bbox 525 674 701 744; x_wconf 87' lang='lat' dir='ltr'><strong>sapientibus</strong></span> <span class='ocrx_word' id='word_1_48' title='bbox 720 677 749 729; x_wconf 89' lang='lat' dir='ltr'><strong>et</strong></span> <span class='ocrx_word' id='word_1_49' title='bbox 767 674 862 728; x_wconf 87' lang='lat' dir='ltr'><strong>stultis</strong></span> <span class='ocrx_word' id='word_1_50' title='bbox 882 676 1046 745; x_wconf 88' lang='lat' dir='ltr'><strong>doctrinam,</strong></span> <span class='ocrx_word' id='word_1_51' title='bbox 1066 695 1123 744; x_wconf 87' lang='lat' dir='ltr'><strong>qua</strong></span> 
     </span>
     <span class='ocr_line' id='line_1_8' title="bbox 104 745 1123 816; baseline 0 -14"><span class='ocrx_word' id='word_1_52' title='bbox 104 763 200 802; x_wconf 87' lang='lat' dir='ltr'><strong>omnes</strong></span> <span class='ocrx_word' id='word_1_53' title='bbox 229 747 278 816; x_wconf 93' lang='lat' dir='ltr'><strong>qui</strong></span> <span class='ocrx_word' id='word_1_54' title='bbox 313 746 469 815; x_wconf 75' lang='lat' dir='ltr'><strong>sapientiae</strong></span> <span class='ocrx_word' id='word_1_55' title='bbox 502 748 630 815; x_wconf 79' lang='lat' dir='ltr'><strong>expertes</strong></span> <span class='ocrx_word' id='word_1_56' title='bbox 666 747 736 813; x_wconf 80' lang='lat' dir='ltr'><strong>sint,</strong></span> <span class='ocrx_word' id='word_1_57' title='bbox 771 745 922 800; x_wconf 91' lang='lat' dir='ltr'><strong>stultorum</strong></span> <span class='ocrx_word' id='word_1_58' title='bbox 948 748 979 801; x_wconf 92' lang='lat' dir='ltr'><strong>in</strong></span> <span class='ocrx_word' id='word_1_59' title='bbox 1007 765 1123 802; x_wconf 88' lang='lat' dir='ltr'><strong>numero</strong></span> 
     </span>
     <span class='ocr_line' id='line_1_9' title="bbox 103 818 471 872; baseline 0 -1"><span class='ocrx_word' id='word_1_60' title='bbox 103 818 249 872; x_wconf 87' lang='lat' dir='ltr'><strong>habendos</strong></span> <span class='ocrx_word' id='word_1_61' title='bbox 268 835 329 872; x_wconf 89' lang='lat' dir='ltr'><strong>esse</strong></span> <span class='ocrx_word' id='word_1_62' title='bbox 349 821 471 872; x_wconf 88' lang='lat' dir='ltr'><strong>censent.</strong></span> 
     </span>
    </p>

    <p class='ocr_par' dir='ltr' id='par_1_4' title="bbox 105 889 1125 1030">
     <span class='ocr_line' id='line_1_10' title="bbox 176 889 1125 960; baseline 0.003 -19"><span class='ocrx_word' id='word_1_63' title='bbox 176 909 200 943; x_wconf 91' lang='lat' dir='ltr'><strong>v.</strong></span> <span class='ocrx_word' id='word_1_64' title='bbox 216 895 248 942; x_wconf 80' lang='lat'><strong>12</strong></span> <span class='ocrx_word' id='word_1_65' title='bbox 274 891 343 957; x_wconf 87' lang='grc' dir='ltr'><strong>δδή</strong></span> <span class='ocrx_word' id='word_1_66' title='bbox 364 893 408 943; x_wconf 81' lang='grc' dir='ltr'>καί</span> <span class='ocrx_word' id='word_1_67' title='bbox 434 891 535 957; x_wconf 84' lang='grc' dir='ltr'>ἀληθές</span> <span class='ocrx_word' id='word_1_68' title='bbox 554 889 716 960; x_wconf 80' lang='grc' dir='ltr'>έτύνχανεν]</span> <span class='ocrx_word' id='word_1_69' title='bbox 744 905 796 942; x_wconf 86' lang='lat' dir='ltr'><strong>vox</strong></span> <span class='ocrx_word' id='word_1_70' title='bbox 819 891 853 942; x_wconf 89' lang='grc' dir='ltr'><strong>ἂν</strong></span> <span class='ocrx_word' id='word_1_71' title='bbox 871 906 928 942; x_wconf 91' lang='lat' dir='ltr'><strong>non</strong></span> <span class='ocrx_word' id='word_1_72' title='bbox 947 890 1125 944; x_wconf 85' lang='lat' dir='ltr'><strong>desideratur</strong></span> 
     </span>
     <span class='ocr_line' id='line_1_11' title="bbox 105 959 1122 1030; baseline 0.001 -16"><span class='ocrx_word' id='word_1_73' title='bbox 105 960 172 1030; x_wconf 65' lang='grc' dir='ltr'><strong>(ΗΚ</strong></span> <span class='ocrx_word' id='word_1_74' title='bbox 190 979 218 1029; x_wconf 91' lang='lat' dir='ltr'><strong>p.</strong></span> <span class='ocrx_word' id='word_1_75' title='bbox 229 963 292 1030; x_wconf 86' lang='grc'>437)</span> <span class='ocrx_word' id='word_1_76' title='bbox 312 960 361 1014; x_wconf 86' lang='lat' dir='ltr'><strong>cfr.</strong></span> <span class='ocrx_word' id='word_1_77' title='bbox 381 961 417 1013; x_wconf 89' lang='lat' dir='ltr'><strong>ad</strong></span> <span class='ocrx_word' id='word_1_78' title='bbox 436 960 470 1014; x_wconf 83' lang='lat' dir='ltr'><strong>fr.</strong></span> <span class='ocrx_word' id='word_1_79' title='bbox 484 961 524 1014; x_wconf 86' lang='lat' dir='ltr'><strong>IV</strong></span> <span class='ocrx_word' id='word_1_80' title='bbox 542 959 622 1014; x_wconf 83' lang='lat' dir='ltr'><strong>coll</strong></span> <span class='ocrx_word' id='word_1_81' title='bbox 639 979 664 1014; x_wconf 83' lang='lat' dir='ltr'><strong>v.</strong></span> <span class='ocrx_word' id='word_1_82' title='bbox 676 966 719 1014; x_wconf 80' lang='lat'><strong>12.</strong></span> <span class='ocrx_word' id='word_1_83' title='bbox 745 976 844 1014; x_wconf 87' lang='lat' dir='ltr'><strong>revera</strong></span> <span class='ocrx_word' id='word_1_84' title='bbox 863 961 938 1014; x_wconf 85' lang='lat' dir='ltr'><strong>enim</strong></span> <span class='ocrx_word' id='word_1_85' title='bbox 956 978 1052 1015; x_wconf 86' lang='lat' dir='ltr'><strong>varum</strong></span> <span class='ocrx_word' id='word_1_86' title='bbox 1072 965 1122 1030; x_wconf 83' lang='lat' dir='ltr'><strong>est,</strong></span> 
     </span>
    </p>

    <p class='ocr_par' dir='ltr' id='par_1_5' title="bbox 87 1031 1123 1171">
     <span class='ocr_line' id='line_1_12' title="bbox 87 1031 1123 1101; baseline 0.007 -20"><span class='ocrx_word' id='word_1_87' title='bbox 87 1033 161 1085; x_wconf 69' lang='lat' dir='ltr'><strong>‚sive</strong></span> <span class='ocrx_word' id='word_1_88' title='bbox 184 1034 290 1101; x_wconf 84' lang='lat' dir='ltr'><strong>negant</strong></span> <span class='ocrx_word' id='word_1_89' title='bbox 312 1032 357 1084; x_wconf 91' lang='lat' dir='ltr'><strong>illi</strong></span> <span class='ocrx_word' id='word_1_90' title='bbox 381 1032 440 1084; x_wconf 90' lang='lat' dir='ltr'><strong>sive</strong></span> <span class='ocrx_word' id='word_1_91' title='bbox 465 1032 615 1086; x_wconf 84' lang='lat' dir='ltr'><strong>affirmant.</strong></span> <span class='ocrx_word' id='word_1_92' title='bbox 653 1031 702 1085; x_wconf 88' lang='lat' dir='ltr'><strong>cfr.</strong></span> <span class='ocrx_word' id='word_1_93' title='bbox 726 1031 797 1085; x_wconf 87' lang='lat' dir='ltr'><strong>talia</strong></span> <span class='ocrx_word' id='word_1_94' title='bbox 816 1032 913 1100; x_wconf 88' lang='lat' dir='ltr'><strong>qualia</strong></span> <span class='ocrx_word' id='word_1_95' title='bbox 932 1036 998 1086; x_wconf 89' lang='lat' dir='ltr'><strong>sunt</strong></span> <span class='ocrx_word' id='word_1_96' title='bbox 1017 1035 1123 1088; x_wconf 85' lang='grc' dir='ltr'>δίκαιον</span> 
     </span>
     <span class='ocr_line' id='line_1_13' title="bbox 103 1104 306 1171; baseline 0 -14"><span class='ocrx_word' id='word_1_97' title='bbox 103 1107 152 1171; x_wconf 81' lang='grc' dir='ltr'><strong>ήν,</strong></span> <span class='ocrx_word' id='word_1_98' title='bbox 172 1104 245 1168; x_wconf 80' lang='grc' dir='ltr'>εἰκὸς</span> <span class='ocrx_word' id='word_1_99' title='bbox 261 1106 306 1171; x_wconf 89' lang='grc' dir='ltr'><strong>ήν.</strong></span> 
     </span>
    </p>

    <p class='ocr_par' dir='ltr' id='par_1_6' title="bbox 176 1173 1055 1241">
     <span class='ocr_line' id='line_1_14' title="bbox 176 1173 1055 1241; baseline 0.001 -13"><span class='ocrx_word' id='word_1_100' title='bbox 176 1175 228 1228; x_wconf 90' lang='lat' dir='ltr'><strong>col.</strong></span> <span class='ocrx_word' id='word_1_101' title='bbox 242 1173 269 1227; x_wconf 89' lang='lat' dir='ltr'><strong>H</strong></span> <span class='ocrx_word' id='word_1_102' title='bbox 286 1192 311 1227; x_wconf 89' lang='lat' dir='ltr'><strong>v.</strong></span> <span class='ocrx_word' id='word_1_103' title='bbox 328 1182 341 1226; x_wconf 93' lang='lat'>1</span> <span class='ocrx_word' id='word_1_104' title='bbox 363 1183 626 1241; x_wconf 90' lang='grc' dir='ltr'>συνομογνωμονεῖν</span> <span class='ocrx_word' id='word_1_105' title='bbox 645 1175 714 1227; x_wconf 90' lang='lat' dir='ltr'><strong>alibi</strong></span> <span class='ocrx_word' id='word_1_106' title='bbox 733 1177 843 1228; x_wconf 85' lang='lat' dir='ltr'><strong>exstare</strong></span> <span class='ocrx_word' id='word_1_107' title='bbox 862 1192 918 1228; x_wconf 91' lang='lat' dir='ltr'><strong>non</strong></span> <span class='ocrx_word' id='word_1_108' title='bbox 936 1175 1055 1229; x_wconf 87' lang='lat' dir='ltr'><strong>ridetur.</strong></span> 
     </span>
    </p>

    <p class='ocr_par' dir='ltr' id='par_1_7' title="bbox 101 1247 1124 1389">
     <span class='ocr_line' id='line_1_15' title="bbox 175 1247 1124 1317; baseline 0.004 -20"><span class='ocrx_word' id='word_1_109' title='bbox 175 1253 229 1300; x_wconf 69' lang='grc' dir='ltr'><strong>αῖ</strong></span> <span class='ocrx_word' id='word_1_110' title='bbox 250 1247 348 1300; x_wconf 80' lang='grc' dir='ltr'>καλοῦ</span> <span class='ocrx_word' id='word_1_111' title='bbox 364 1286 459 1300; x_wconf 89' lang='grc'>.....</span> <span class='ocrx_word' id='word_1_112' title='bbox 475 1247 614 1317; x_wconf 84' lang='grc' dir='ltr'>ὀρέγεται]</span> <span class='ocrx_word' id='word_1_113' title='bbox 641 1247 707 1299; x_wconf 84' lang='lat' dir='ltr'><strong>ante</strong></span> <span class='ocrx_word' id='word_1_114' title='bbox 730 1249 764 1300; x_wconf 85' lang='grc' dir='ltr'><strong>οὗ</strong></span> <span class='ocrx_word' id='word_1_115' title='bbox 789 1247 984 1301; x_wconf 84' lang='lat' dir='ltr'><strong>subaudienda</strong></span> <span class='ocrx_word' id='word_1_116' title='bbox 1010 1250 1053 1301; x_wconf 84' lang='lat' dir='ltr'><strong>est</strong></span> <span class='ocrx_word' id='word_1_117' title='bbox 1071 1265 1124 1302; x_wconf 88' lang='lat' dir='ltr'><strong>vox</strong></span> 
     </span>
     <span class='ocr_line' id='line_1_16' title="bbox 101 1315 1124 1389; baseline 0 -16"><span class='ocrx_word' id='word_1_118' title='bbox 101 1324 188 1373; x_wconf 81' lang='grc' dir='ltr'>τοῦτο</span> <span class='ocrx_word' id='word_1_119' title='bbox 212 1317 292 1383; x_wconf 91' lang='lat' dir='ltr'><strong>(Heb.</strong></span> <span class='ocrx_word' id='word_1_120' title='bbox 317 1320 347 1370; x_wconf 90' lang='lat' dir='ltr'><strong>et</strong></span> <span class='ocrx_word' id='word_1_121' title='bbox 371 1315 434 1369; x_wconf 90' lang='lat' dir='ltr'><strong>Kal.</strong></span> <span class='ocrx_word' id='word_1_122' title='bbox 460 1335 487 1386; x_wconf 92' lang='lat' dir='ltr'><strong>p.</strong></span> <span class='ocrx_word' id='word_1_123' title='bbox 502 1323 555 1371; x_wconf 83' lang='grc'><strong>434</strong></span> <span class='ocrx_word' id='word_1_124' title='bbox 580 1318 651 1371; x_wconf 88' lang='lat' dir='ltr'><strong>haee</strong></span> <span class='ocrx_word' id='word_1_125' title='bbox 677 1317 760 1372; x_wconf 87' lang='lat' dir='ltr'><strong>alitor</strong></span> <span class='ocrx_word' id='word_1_126' title='bbox 785 1318 951 1388; x_wconf 79' lang='lat' dir='ltr'><strong>intellegere</strong></span> <span class='ocrx_word' id='word_1_127' title='bbox 973 1318 1124 1389; x_wconf 73' lang='lat' dir='ltr'><strong>videntum).</strong></span> 
     </span>
    </p>

    <p class='ocr_par' dir='ltr' id='par_1_8' title="bbox 85 1387 1125 1673">
     <span class='ocr_line' id='line_1_17' title="bbox 85 1387 1124 1459; baseline 0.004 -17"><span class='ocrx_word' id='word_1_128' title='bbox 85 1438 86 1442; x_wconf 75' lang='grc'>,</span> <span class='ocrx_word' id='word_1_129' title='bbox 103 1387 226 1458; x_wconf 83' lang='lat' dir='ltr'><strong>exempli</strong></span> <span class='ocrx_word' id='word_1_130' title='bbox 249 1405 335 1442; x_wconf 88' lang='lat' dir='ltr'><strong>causa</strong></span> <span class='ocrx_word' id='word_1_131' title='bbox 359 1389 444 1441; x_wconf 86' lang='lat' dir='ltr'><strong>affero</strong></span> <span class='ocrx_word' id='word_1_132' title='bbox 467 1388 519 1456; x_wconf 87' lang='lat' dir='ltr'><strong>Ep.</strong></span> <span class='ocrx_word' id='word_1_133' title='bbox 539 1405 582 1456; x_wconf 92' lang='lat' dir='ltr'><strong>ep.</strong></span> <span class='ocrx_word' id='word_1_134' title='bbox 597 1389 623 1441; x_wconf 93' lang='lat' dir='ltr'><strong>Il</strong></span> <span class='ocrx_word' id='word_1_135' title='bbox 642 1394 693 1442; x_wconf 85' lang='grc'><strong>116</strong></span> <span class='ocrx_word' id='word_1_136' title='bbox 712 1388 770 1457; x_wconf 83' lang='lat' dir='ltr'><strong>(Ua.</strong></span> <span class='ocrx_word' id='word_1_137' title='bbox 785 1407 812 1456; x_wconf 92' lang='lat' dir='ltr'><strong>p.</strong></span> <span class='ocrx_word' id='word_1_138' title='bbox 828 1395 862 1442; x_wconf 78' lang='lat'><strong>55</strong></span> <span class='ocrx_word' id='word_1_139' title='bbox 882 1408 905 1442; x_wconf 91' lang='lat' dir='ltr'><strong>v.</strong></span> <span class='ocrx_word' id='word_1_140' title='bbox 922 1392 1019 1459; x_wconf 73' lang='lat' dir='ltr'><strong>tsqq.)</strong></span> <span class='ocrx_word' id='word_1_141' title='bbox 1047 1391 1074 1445; x_wconf 82' lang='grc' dir='ltr'><strong>οἱ</strong></span> <span class='ocrx_word' id='word_1_142' title='bbox 1093 1393 1124 1446; x_wconf 84' lang='grc' dir='ltr'><strong>δέ</strong></span> 
     </span>
     <span class='ocr_line' id='line_1_18' title="bbox 103 1461 1125 1530; baseline 0.001 -15"><span class='ocrx_word' id='word_1_143' title='bbox 103 1467 194 1516; x_wconf 80' lang='grc' dir='ltr'>ταῦτα</span> <span class='ocrx_word' id='word_1_144' title='bbox 214 1465 251 1528; x_wconf 90' lang='grc' dir='ltr'><strong>μή</strong></span> <span class='ocrx_word' id='word_1_145' title='bbox 271 1461 521 1526; x_wconf 85' lang='grc' dir='ltr'>καταγαπήσαντες</span> <span class='ocrx_word' id='word_1_146' title='bbox 539 1464 555 1530; x_wconf 85' lang='grc' dir='ltr'>ᾐ</span> <span class='ocrx_word' id='word_1_147' title='bbox 577 1463 695 1527; x_wconf 88' lang='grc' dir='ltr'>μάλιστα</span> <span class='ocrx_word' id='word_1_148' title='bbox 710 1461 771 1514; x_wconf 81' lang='grc' dir='ltr'>οὔτ’</span> <span class='ocrx_word' id='word_1_149' title='bbox 790 1463 825 1514; x_wconf 90' lang='grc' dir='ltr'><strong>ἂν</strong></span> <span class='ocrx_word' id='word_1_150' title='bbox 840 1463 912 1515; x_wconf 85' lang='grc' dir='ltr'>αὐτὰ</span> <span class='ocrx_word' id='word_1_151' title='bbox 926 1467 1017 1516; x_wconf 80' lang='grc' dir='ltr'>ταῦτα</span> <span class='ocrx_word' id='word_1_152' title='bbox 1032 1466 1125 1527; x_wconf 83' lang='grc' dir='ltr'>καλῶς</span> 
     </span>
     <span class='ocr_line' id='line_1_19' title="bbox 104 1532 1124 1600; baseline 0.001 -14"><span class='ocrx_word' id='word_1_153' title='bbox 104 1533 331 1600; x_wconf 88' lang='grc' dir='ltr'>συνθεωρήσαιεν</span> <span class='ocrx_word' id='word_1_154' title='bbox 350 1534 416 1585; x_wconf 85' lang='grc' dir='ltr'>οὔτε</span> <span class='ocrx_word' id='word_1_155' title='bbox 431 1532 464 1585; x_wconf 81' lang='grc' dir='ltr'><strong>οὗ</strong></span> <span class='ocrx_word' id='word_1_156' title='bbox 480 1534 573 1586; x_wconf 89' lang='grc' dir='ltr'>ἔνεκεν</span> <span class='ocrx_word' id='word_1_157' title='bbox 593 1534 633 1586; x_wconf 91' lang='grc' dir='ltr'><strong>δεῖ</strong></span> <span class='ocrx_word' id='word_1_158' title='bbox 652 1537 767 1599; x_wconf 78' lang='grc' dir='ltr'>θεωρεῖν</span> <span class='ocrx_word' id='word_1_159' title='bbox 783 1537 874 1586; x_wconf 83' lang='grc' dir='ltr'>ταῦτα</span> <span class='ocrx_word' id='word_1_160' title='bbox 888 1534 1124 1600; x_wconf 82' lang='grc' dir='ltr'>περιεποιήσαντο</span> 
     </span>
     <span class='ocr_line' id='line_1_20' title="bbox 103 1603 1086 1673; baseline 0.002 -18"><span class='ocrx_word' id='word_1_161' title='bbox 103 1603 132 1672; x_wconf 89' lang='lat' dir='ltr'><strong>(i.</strong></span> <span class='ocrx_word' id='word_1_162' title='bbox 148 1620 171 1657; x_wconf 92' lang='lat' dir='ltr'><strong>e.</strong></span> <span class='ocrx_word' id='word_1_163' title='bbox 192 1607 257 1658; x_wconf 85' lang='grc' dir='ltr'>οὔτε</span> <span class='ocrx_word' id='word_1_164' title='bbox 276 1610 362 1658; x_wconf 81' lang='grc' dir='ltr'>τοῦτο</span> <span class='ocrx_word' id='word_1_165' title='bbox 376 1604 609 1670; x_wconf 89' lang='grc' dir='ltr'>περιεποιήσαντο</span> <span class='ocrx_word' id='word_1_166' title='bbox 629 1605 662 1657; x_wconf 81' lang='grc' dir='ltr'><strong>οὗ</strong></span> <span class='ocrx_word' id='word_1_167' title='bbox 682 1606 776 1656; x_wconf 86' lang='grc' dir='ltr'>ἕνεκεν</span> <span class='ocrx_word' id='word_1_168' title='bbox 791 1606 832 1657; x_wconf 88' lang='grc' dir='ltr'><strong>δεῖ</strong></span> <span class='ocrx_word' id='word_1_169' title='bbox 846 1607 962 1671; x_wconf 87' lang='grc' dir='ltr'>θεωρεῖν</span> <span class='ocrx_word' id='word_1_170' title='bbox 977 1606 1086 1673; x_wconf 79' lang='grc' dir='ltr'>ταῦτα).</span> 
     </span>
    </p>

    <p class='ocr_par' dir='ltr' id='par_1_9' title="bbox 105 1673 1124 1812">
     <span class='ocr_line' id='line_1_21' title="bbox 175 1673 1124 1742; baseline 0.003 -15"><span class='ocrx_word' id='word_1_171' title='bbox 175 1680 231 1728; x_wconf 83' lang='grc' dir='ltr'><strong>ν.8</strong></span> <span class='ocrx_word' id='word_1_172' title='bbox 251 1674 351 1729; x_wconf 60' lang='lat' dir='ltr'><strong>elaad</strong></span> <span class='ocrx_word' id='word_1_173' title='bbox 375 1673 408 1726; x_wconf 89' lang='lat' dir='ltr'><strong>fr.</strong></span> <span class='ocrx_word' id='word_1_174' title='bbox 423 1673 513 1726; x_wconf 85' lang='lat' dir='ltr'>XXIII</span> <span class='ocrx_word' id='word_1_175' title='bbox 532 1673 624 1727; x_wconf 90' lang='lat' dir='ltr'><strong>ool.H</strong></span> <span class='ocrx_word' id='word_1_176' title='bbox 642 1692 665 1726; x_wconf 91' lang='lat' dir='ltr'><strong>v.</strong></span> <span class='ocrx_word' id='word_1_177' title='bbox 683 1680 706 1727; x_wconf 85' lang='lat'><strong>1.</strong></span> <span class='ocrx_word' id='word_1_178' title='bbox 726 1705 760 1712; x_wconf 96' lang='lat'><em>-</em></span> <span class='ocrx_word' id='word_1_179' title='bbox 780 1676 850 1728; x_wconf 87' lang='grc' dir='ltr'>κατὰ</span> <span class='ocrx_word' id='word_1_180' title='bbox 873 1678 906 1729; x_wconf 87' lang='grc' dir='ltr'><strong>τὸ</strong></span> <span class='ocrx_word' id='word_1_181' title='bbox 931 1677 1050 1742; x_wconf 87' lang='grc' dir='ltr'>ἔσχατον</span> <span class='ocrx_word' id='word_1_182' title='bbox 1074 1676 1124 1730; x_wconf 81' lang='lat' dir='ltr'><strong>cfr.</strong></span> 
     </span>
     <span class='ocr_line' id='line_1_22' title="bbox 105 1743 570 1812; baseline -0.002 -13"><span class='ocrx_word' id='word_1_183' title='bbox 105 1746 142 1800; x_wconf 91' lang='lat' dir='ltr'><strong>ad</strong></span> <span class='ocrx_word' id='word_1_184' title='bbox 160 1746 194 1800; x_wconf 89' lang='lat' dir='ltr'><strong>fr.</strong></span> <span class='ocrx_word' id='word_1_185' title='bbox 208 1745 311 1798; x_wconf 88' lang='lat' dir='ltr'>XXXV</span> <span class='ocrx_word' id='word_1_186' title='bbox 331 1745 382 1798; x_wconf 88' lang='lat' dir='ltr'><strong>col.</strong></span> <span class='ocrx_word' id='word_1_187' title='bbox 397 1743 423 1796; x_wconf 93' lang='grc' dir='ltr'>Π</span> <span class='ocrx_word' id='word_1_188' title='bbox 441 1763 465 1799; x_wconf 83' lang='grc' dir='ltr'><strong>ν.</strong></span> <span class='ocrx_word' id='word_1_189' title='bbox 482 1750 570 1812; x_wconf 85' lang='lat' dir='ltr'><strong>9sqq.</strong></span> 
     </span>
    </p>

    <p class='ocr_par' dir='ltr' id='par_1_10' title="bbox 102 1814 1125 2028">
     <span class='ocr_line' id='line_1_23' title="bbox 174 1814 1124 1884; baseline 0.003 -14"><span class='ocrx_word' id='word_1_190' title='bbox 174 1835 199 1870; x_wconf 87' lang='lat' dir='ltr'><strong>v.</strong></span> <span class='ocrx_word' id='word_1_191' title='bbox 215 1823 301 1884; x_wconf 81' lang='lat' dir='ltr'><strong>9sqq.</strong></span> <span class='ocrx_word' id='word_1_192' title='bbox 326 1814 362 1868; x_wconf 88' lang='lat' dir='ltr'><strong>ad</strong></span> <span class='ocrx_word' id='word_1_193' title='bbox 384 1831 444 1868; x_wconf 91' lang='lat' dir='ltr'><strong>rem</strong></span> <span class='ocrx_word' id='word_1_194' title='bbox 467 1814 516 1868; x_wconf 87' lang='lat' dir='ltr'><strong>cfr.</strong></span> <span class='ocrx_word' id='word_1_195' title='bbox 536 1815 588 1884; x_wconf 84' lang='lat' dir='ltr'><strong>Ep.</strong></span> <span class='ocrx_word' id='word_1_196' title='bbox 607 1832 650 1884; x_wconf 89' lang='lat' dir='ltr'><strong>ep.</strong></span> <span class='ocrx_word' id='word_1_197' title='bbox 666 1815 704 1868; x_wconf 94' lang='grc' dir='ltr'><strong>ΙΠ</strong></span> <span class='ocrx_word' id='word_1_198' title='bbox 729 1821 879 1869; x_wconf 79' lang='lat'>128-129</span> <span class='ocrx_word' id='word_1_199' title='bbox 903 1821 948 1871; x_wconf 77' lang='grc' dir='ltr'><strong>καὶ</strong></span> <span class='ocrx_word' id='word_1_200' title='bbox 974 1820 1018 1872; x_wconf 87' lang='grc' dir='ltr'><strong>διὰ</strong></span> <span class='ocrx_word' id='word_1_201' title='bbox 1037 1825 1124 1873; x_wconf 79' lang='grc' dir='ltr'>τοῦτο</span> 
     </span>
     <span class='ocr_line' id='line_1_24' title="bbox 102 1889 1125 1958; baseline 0.001 -15"><span class='ocrx_word' id='word_1_202' title='bbox 102 1892 156 1956; x_wconf 91' lang='grc' dir='ltr'><strong>τήν</strong></span> <span class='ocrx_word' id='word_1_203' title='bbox 175 1891 282 1955; x_wconf 82' lang='grc' dir='ltr'>ἡδονήν</span> <span class='ocrx_word' id='word_1_204' title='bbox 301 1890 389 1954; x_wconf 85' lang='grc' dir='ltr'>ἀρχήν</span> <span class='ocrx_word' id='word_1_205' title='bbox 409 1890 454 1941; x_wconf 77' lang='grc' dir='ltr'><strong>καὶ</strong></span> <span class='ocrx_word' id='word_1_206' title='bbox 475 1889 556 1952; x_wconf 85' lang='grc' dir='ltr'>τέλος</span> <span class='ocrx_word' id='word_1_207' title='bbox 578 1890 649 1941; x_wconf 82' lang='grc' dir='ltr'>εἰναι</span> <span class='ocrx_word' id='word_1_208' title='bbox 672 1889 788 1954; x_wconf 88' lang='grc' dir='ltr'>λέγομεν</span> <span class='ocrx_word' id='word_1_209' title='bbox 812 1891 883 1942; x_wconf 81' lang='grc' dir='ltr'>εἶναι</span> <span class='ocrx_word' id='word_1_210' title='bbox 906 1895 957 1943; x_wconf 79' lang='lat' dir='ltr'><strong>rot</strong></span> <span class='ocrx_word' id='word_1_211' title='bbox 982 1891 1125 1958; x_wconf 85' lang='grc' dir='ltr'>μακαρίως</span> 
     </span>
     <span class='ocr_line' id='line_1_25' title="bbox 104 1957 457 2028; baseline -0.014 -12"><span class='ocrx_word' id='word_1_212' title='bbox 104 1965 156 2028; x_wconf 87' lang='grc' dir='ltr'><strong>Ζήν</strong></span> <span class='ocrx_word' id='word_1_213' title='bbox 175 1962 204 2013; x_wconf 90' lang='lat' dir='ltr'><strong>et</strong></span> <span class='ocrx_word' id='word_1_214' title='bbox 222 1959 270 2012; x_wconf 89' lang='lat' dir='ltr'><strong>Us.</strong></span> <span class='ocrx_word' id='word_1_215' title='bbox 285 1957 318 2011; x_wconf 88' lang='lat' dir='ltr'><strong>fr.</strong></span> <span class='ocrx_word' id='word_1_216' title='bbox 335 1963 385 2011; x_wconf 81' lang='lat'><strong>397</strong></span> <span class='ocrx_word' id='word_1_217' title='bbox 397 1975 457 2025; x_wconf 88' lang='lat' dir='ltr'><strong>sqq.</strong></span> 
     </span>
    </p>

    <p class='ocr_par' dir='ltr' id='par_1_11' title="bbox 102 2030 1124 2512">
     <span class='ocr_line' id='line_1_26' title="bbox 174 2030 1124 2102; baseline 0.001 -19"><span class='ocrx_word' id='word_1_218' title='bbox 174 2048 200 2084; x_wconf 82' lang='grc' dir='ltr'><strong>ν.</strong></span> <span class='ocrx_word' id='word_1_219' title='bbox 216 2036 248 2083; x_wconf 90' lang='grc'><strong>11</strong></span> <span class='ocrx_word' id='word_1_220' title='bbox 261 2047 321 2098; x_wconf 91' lang='lat' dir='ltr'><strong>sqq.</strong></span> <span class='ocrx_word' id='word_1_221' title='bbox 340 2035 425 2084; x_wconf 82' lang='grc' dir='ltr'>πᾶσιν</span> <span class='ocrx_word' id='word_1_222' title='bbox 444 2030 556 2096; x_wconf 82' lang='grc' dir='ltr'>Ἕλλησι</span> <span class='ocrx_word' id='word_1_223' title='bbox 575 2033 620 2084; x_wconf 84' lang='grc' dir='ltr'><strong>καλ</strong></span> <span class='ocrx_word' id='word_1_224' title='bbox 640 2032 787 2098; x_wconf 88' lang='grc' dir='ltr'>βαρβάροις</span> <span class='ocrx_word' id='word_1_225' title='bbox 806 2033 876 2097; x_wconf 87' lang='grc' dir='ltr'>μέγα</span> <span class='ocrx_word' id='word_1_226' title='bbox 891 2032 1011 2102; x_wconf 86' lang='grc' dir='ltr'>ένβοιῖιν]</span> <span class='ocrx_word' id='word_1_227' title='bbox 1037 2032 1124 2085; x_wconf 89' lang='lat' dir='ltr'><strong>Puta·</strong></span> 
     </span>
     <span class='ocr_line' id='line_1_27' title="bbox 103 2100 1123 2172; baseline 0.003 -19"><span class='ocrx_word' id='word_1_228' title='bbox 103 2102 174 2155; x_wconf 89' lang='lat' dir='ltr'><strong>veris</strong></span> <span class='ocrx_word' id='word_1_229' title='bbox 188 2101 344 2172; x_wconf 86' lang='lat' dir='ltr'><strong>Diogenem</strong></span> <span class='ocrx_word' id='word_1_230' title='bbox 364 2101 483 2154; x_wconf 89' lang='lat' dir='ltr'><strong>eundem</strong></span> <span class='ocrx_word' id='word_1_231' title='bbox 503 2100 668 2168; x_wconf 80' lang='lat' dir='ltr'><strong>scriptorem</strong></span> <span class='ocrx_word' id='word_1_232' title='bbox 686 2103 752 2154; x_wconf 86' lang='lat' dir='ltr'><strong>ante</strong></span> <span class='ocrx_word' id='word_1_233' title='bbox 771 2101 866 2156; x_wconf 92' lang='lat' dir='ltr'><strong>oculos</strong></span> <span class='ocrx_word' id='word_1_234' title='bbox 883 2103 1017 2156; x_wconf 80' lang='lat' dir='ltr'><strong>habuisse</strong></span> <span class='ocrx_word' id='word_1_235' title='bbox 1036 2106 1123 2172; x_wconf 88' lang='lat' dir='ltr'><strong>atque</strong></span> 
     </span>
     <span class='ocr_line' id='line_1_28' title="bbox 104 2171 1123 2244; baseline 0.003 -18"><span class='ocrx_word' id='word_1_236' title='bbox 104 2171 277 2239; x_wconf 75' lang='lat' dir='ltr'><strong>ciceronem,</strong></span> <span class='ocrx_word' id='word_1_237' title='bbox 302 2173 351 2240; x_wconf 88' lang='lat' dir='ltr'><strong>qui</strong></span> <span class='ocrx_word' id='word_1_238' title='bbox 375 2173 409 2226; x_wconf 89' lang='lat' dir='ltr'><strong>de</strong></span> <span class='ocrx_word' id='word_1_239' title='bbox 432 2171 639 2239; x_wconf 79' lang='lat' dir='ltr'><strong>fin.111c‚49‚</strong></span> <span class='ocrx_word' id='word_1_240' title='bbox 663 2189 727 2226; x_wconf 91' lang='lat' dir='ltr'><strong>cum</strong></span> <span class='ocrx_word' id='word_1_241' title='bbox 753 2174 788 2227; x_wconf 87' lang='lat' dir='ltr'><strong>dc</strong></span> <span class='ocrx_word' id='word_1_242' title='bbox 808 2175 907 2228; x_wconf 88' lang='lat' dir='ltr'><strong>eadem</strong></span> <span class='ocrx_word' id='word_1_243' title='bbox 925 2191 956 2228; x_wconf 86' lang='lat' dir='ltr'><strong>re</strong></span> <span class='ocrx_word' id='word_1_244' title='bbox 975 2176 1051 2244; x_wconf 82' lang='lat' dir='ltr'><strong>agat,</strong></span> <span class='ocrx_word' id='word_1_245' title='bbox 1069 2175 1123 2229; x_wconf 89' lang='lat' dir='ltr'><strong>hoc</strong></span> 
     </span>
     <span class='ocr_line' id='line_1_29' title="bbox 104 2244 1124 2314; baseline 0.003 -17"><span class='ocrx_word' id='word_1_246' title='bbox 104 2244 186 2298; x_wconf 87' lang='lat' dir='ltr'><strong>dicit:</strong></span> <span class='ocrx_word' id='word_1_247' title='bbox 211 2245 390 2314; x_wconf 77' lang='lat' dir='ltr'><strong>philosophus</strong></span> <span class='ocrx_word' id='word_1_248' title='bbox 411 2245 521 2310; x_wconf 75' lang='lat' dir='ltr'><strong>aetitia,</strong></span> <span class='ocrx_word' id='word_1_249' title='bbox 547 2263 565 2298; x_wconf 92' lang='lat' dir='ltr'><strong>a</strong></span> <span class='ocrx_word' id='word_1_250' title='bbox 584 2261 636 2312; x_wconf 82' lang='lat' dir='ltr'><strong>quo</strong></span> <span class='ocrx_word' id='word_1_251' title='bbox 654 2261 711 2299; x_wconf 89' lang='lat' dir='ltr'><strong>uou</strong></span> <span class='ocrx_word' id='word_1_252' title='bbox 732 2247 821 2300; x_wconf 75' lang='lat' dir='ltr'><strong>colum</strong></span> <span class='ocrx_word' id='word_1_253' title='bbox 842 2247 961 2301; x_wconf 78' lang='lat' dir='ltr'><strong>Graecia</strong></span> <span class='ocrx_word' id='word_1_254' title='bbox 983 2247 1124 2312; x_wconf 73' lang='lat' dir='ltr'><strong>altatio,</strong></span> 
     </span>
     <span class='ocr_line' id='line_1_30' title="bbox 102 2317 1124 2386; baseline -0.001 -15"><span class='ocrx_word' id='word_1_255' title='bbox 102 2317 149 2371; x_wconf 82' lang='lat' dir='ltr'><strong>sed</strong></span> <span class='ocrx_word' id='word_1_256' title='bbox 168 2317 250 2370; x_wconf 81' lang='lat' dir='ltr'><strong>etiam</strong></span> <span class='ocrx_word' id='word_1_257' title='bbox 268 2317 356 2370; x_wconf 82' lang='lat' dir='ltr'><strong>cuuis</strong></span> <span class='ocrx_word' id='word_1_258' title='bbox 375 2317 507 2370; x_wconf 85' lang='lat' dir='ltr'><strong>barbaria</strong></span> <span class='ocrx_word' id='word_1_259' title='bbox 526 2323 658 2370; x_wconf 82' lang='lat' dir='ltr'><strong>commota</strong></span> <span class='ocrx_word' id='word_1_260' title='bbox 676 2322 723 2382; x_wconf 81' lang='lat' dir='ltr'><strong>est,</strong></span> <span class='ocrx_word' id='word_1_261' title='bbox 741 2317 882 2371; x_wconf 75' lang='lat' dir='ltr'><strong>bouarium</strong></span> <span class='ocrx_word' id='word_1_262' title='bbox 900 2318 968 2386; x_wconf 82' lang='lat' dir='ltr'><strong>quid</strong></span> <span class='ocrx_word' id='word_1_263' title='bbox 986 2319 1030 2384; x_wconf 82' lang='lat' dir='ltr'><strong>sit,</strong></span> <span class='ocrx_word' id='word_1_264' title='bbox 1048 2320 1074 2371; x_wconf 79' lang='lat' dir='ltr'><strong>ci</strong></span> <span class='ocrx_word' id='word_1_265' title='bbox 1092 2317 1124 2370; x_wconf 81' lang='lat' dir='ltr'><strong>iat</strong></span> 
     </span>
     <span class='ocr_line' id='line_1_31' title="bbox 104 2388 1124 2458; baseline 0 -16"><span class='ocrx_word' id='word_1_266' title='bbox 104 2404 161 2442; x_wconf 87' lang='lat' dir='ltr'><strong>uou</strong></span> <span class='ocrx_word' id='word_1_267' title='bbox 178 2389 216 2441; x_wconf 78' lang='lat' dir='ltr'><strong>sit</strong></span> <span class='ocrx_word' id='word_1_268' title='bbox 234 2389 265 2440; x_wconf 89' lang='lat' dir='ltr'><strong>iu</strong></span> <span class='ocrx_word' id='word_1_269' title='bbox 283 2388 434 2456; x_wconf 81' lang='lat' dir='ltr'><strong>uoluptate,</strong></span> <span class='ocrx_word' id='word_1_270' title='bbox 457 2394 583 2457; x_wconf 72' lang='grc' dir='ltr'>μοραλια</span> <span class='ocrx_word' id='word_1_271' title='bbox 602 2389 762 2458; x_wconf 64' lang='lat' dir='ltr'><strong>aureaeque,</strong></span> <span class='ocrx_word' id='word_1_272' title='bbox 781 2391 837 2443; x_wconf 78' lang='lat' dir='ltr'><strong>uisi</strong></span> <span class='ocrx_word' id='word_1_273' title='bbox 855 2390 925 2455; x_wconf 83' lang='lat' dir='ltr'><strong>forte</strong></span> <span class='ocrx_word' id='word_1_274' title='bbox 943 2389 1027 2454; x_wconf 80' lang='lat' dir='ltr'><strong>illud,</strong></span> <span class='ocrx_word' id='word_1_275' title='bbox 1051 2389 1124 2457; x_wconf 79' lang='lat' dir='ltr'><strong>quod</strong></span> 
     </span>
     <span class='ocr_line' id='line_1_32' title="bbox 103 2459 572 2512; baseline 0 0"><span class='ocrx_word' id='word_1_276' title='bbox 103 2459 293 2512; x_wconf 64' lang='lat' dir='ltr'><strong>multitudiuis</strong></span> <span class='ocrx_word' id='word_1_277' title='bbox 311 2475 418 2512; x_wconf 83' lang='lat' dir='ltr'><strong>rumore</strong></span> <span class='ocrx_word' id='word_1_278' title='bbox 437 2459 572 2512; x_wconf 80' lang='lat' dir='ltr'><strong>laudetur.</strong></span> 
     </span>
    </p>

    <p class='ocr_par' dir='ltr' id='par_1_12' title="bbox 101 2528 1125 3156">
     <span class='ocr_line' id='line_1_33' title="bbox 175 2528 1125 2600; baseline 0.001 -18"><span class='ocrx_word' id='word_1_279' title='bbox 175 2535 248 2582; x_wconf 86' lang='lat' dir='ltr'><strong>v.13</strong></span> <span class='ocrx_word' id='word_1_280' title='bbox 269 2532 339 2596; x_wconf 84' lang='grc' dir='ltr'>μέγα</span> <span class='ocrx_word' id='word_1_281' title='bbox 358 2531 476 2598; x_wconf 86' lang='grc' dir='ltr'>ένβοῶν]</span> <span class='ocrx_word' id='word_1_282' title='bbox 505 2528 642 2597; x_wconf 81' lang='lat' dir='ltr'><strong>Epicurus</strong></span> <span class='ocrx_word' id='word_1_283' title='bbox 662 2546 773 2598; x_wconf 90' lang='lat' dir='ltr'><strong>quoque</strong></span> <span class='ocrx_word' id='word_1_284' title='bbox 788 2547 887 2600; x_wconf 81' lang='lat' dir='ltr'><strong>graves</strong></span> <span class='ocrx_word' id='word_1_285' title='bbox 901 2547 982 2584; x_wconf 87' lang='lat' dir='ltr'><strong>voces</strong></span> <span class='ocrx_word' id='word_1_286' title='bbox 1001 2529 1125 2584; x_wconf 90' lang='lat' dir='ltr'><strong>libenter</strong></span> 
     </span>
     <span class='ocr_line' id='line_1_34' title="bbox 106 2599 1124 2670; baseline 0.002 -18"><span class='ocrx_word' id='word_1_287' title='bbox 106 2600 231 2654; x_wconf 83' lang='lat' dir='ltr'><strong>adhibet.</strong></span> <span class='ocrx_word' id='word_1_288' title='bbox 268 2600 335 2653; x_wconf 89' lang='lat' dir='ltr'><strong>huic</strong></span> <span class='ocrx_word' id='word_1_289' title='bbox 354 2599 459 2653; x_wconf 86' lang='lat' dir='ltr'><strong>similia</strong></span> <span class='ocrx_word' id='word_1_290' title='bbox 478 2602 544 2654; x_wconf 88' lang='lat' dir='ltr'><strong>sunt</strong></span> <span class='ocrx_word' id='word_1_291' title='bbox 562 2616 635 2667; x_wconf 88' lang='lat' dir='ltr'><strong>quae</strong></span> <span class='ocrx_word' id='word_1_292' title='bbox 654 2602 805 2654; x_wconf 88' lang='lat' dir='ltr'><strong>traduntur</strong></span> <span class='ocrx_word' id='word_1_293' title='bbox 824 2602 900 2670; x_wconf 88' lang='lat' dir='ltr'><strong>apud</strong></span> <span class='ocrx_word' id='word_1_294' title='bbox 919 2600 974 2656; x_wconf 79' lang='lat' dir='ltr'><strong>(lic.</strong></span> <span class='ocrx_word' id='word_1_295' title='bbox 995 2601 1030 2655; x_wconf 89' lang='lat' dir='ltr'><strong>de</strong></span> <span class='ocrx_word' id='word_1_296' title='bbox 1048 2601 1124 2655; x_wconf 72' lang='lat' dir='ltr'><strong>fiul</strong></span> 
     </span>
     <span class='ocr_line' id='line_1_35' title="bbox 103 2673 1125 2742; baseline 0.002 -18"><span class='ocrx_word' id='word_1_297' title='bbox 103 2676 150 2736; x_wconf 77' lang='grc'><strong>18,</strong></span> <span class='ocrx_word' id='word_1_298' title='bbox 170 2677 203 2725; x_wconf 82' lang='grc'><strong>57</strong></span> <span class='ocrx_word' id='word_1_299' title='bbox 230 2675 352 2726; x_wconf 84' lang='lat' dir='ltr'><strong>clamat</strong></span> <span class='ocrx_word' id='word_1_300' title='bbox 382 2673 524 2742; x_wconf 83' lang='lat' dir='ltr'><strong>Epicurus</strong></span> <span class='ocrx_word' id='word_1_301' title='bbox 645 2689 702 2727; x_wconf 86' lang='lat' dir='ltr'><strong>uou</strong></span> <span class='ocrx_word' id='word_1_302' title='bbox 730 2691 809 2742; x_wconf 79' lang='lat' dir='ltr'><strong>posse</strong></span> <span class='ocrx_word' id='word_1_303' title='bbox 835 2674 955 2727; x_wconf 88' lang='lat' dir='ltr'><strong>iucuucle</strong></span> <span class='ocrx_word' id='word_1_304' title='bbox 981 2674 1038 2728; x_wconf 85' lang='lat' dir='ltr'><strong>uiui</strong></span> <span class='ocrx_word' id='word_1_305' title='bbox 1065 2675 1125 2727; x_wconf 81' lang='lat' dir='ltr'><strong>uisi</strong></span> 
     </span>
     <span class='ocr_line' id='line_1_36' title="bbox 101 2743 1122 2812; baseline -0.001 -15"><span class='ocrx_word' id='word_1_306' title='bbox 101 2744 240 2812; x_wconf 77' lang='lat' dir='ltr'><strong>sapienter</strong></span> <span class='ocrx_word' id='word_1_307' title='bbox 255 2784 363 2808; x_wconf 79' lang='grc'>......</span> <span class='ocrx_word' id='word_1_308' title='bbox 384 2744 412 2796; x_wconf 89' lang='lat' dir='ltr'><strong>et</strong></span> <span class='ocrx_word' id='word_1_309' title='bbox 427 2743 489 2797; x_wconf 83' lang='lat' dir='ltr'><strong>Seu.</strong></span> <span class='ocrx_word' id='word_1_310' title='bbox 510 2743 545 2796; x_wconf 89' lang='lat' dir='ltr'><strong>de</strong></span> <span class='ocrx_word' id='word_1_311' title='bbox 563 2743 623 2796; x_wconf 88' lang='lat' dir='ltr'><strong>vita</strong></span> <span class='ocrx_word' id='word_1_312' title='bbox 645 2743 731 2798; x_wconf 87' lang='lat' dir='ltr'><strong>beata</strong></span> <span class='ocrx_word' id='word_1_313' title='bbox 745 2744 808 2812; x_wconf 73' lang='lat' dir='ltr'><strong>X,1</strong></span> <span class='ocrx_word' id='word_1_314' title='bbox 836 2746 908 2799; x_wconf 87' lang='lat' dir='ltr'><strong>clare</strong></span> <span class='ocrx_word' id='word_1_315' title='bbox 933 2744 1026 2810; x_wconf 89' lang='lat' dir='ltr'><strong>inquit</strong></span> <span class='ocrx_word' id='word_1_316' title='bbox 1045 2744 1122 2812; x_wconf 83' lang='lat' dir='ltr'><strong>(Epi-</strong></span> 
     </span>
     <span class='ocr_line' id='line_1_37' title="bbox 105 2815 1123 2885; baseline 0.004 -19"><span class='ocrx_word' id='word_1_317' title='bbox 105 2817 197 2883; x_wconf 88' lang='lat' dir='ltr'><strong>curus)</strong></span> <span class='ocrx_word' id='word_1_318' title='bbox 218 2831 251 2868; x_wconf 87' lang='grc' dir='ltr'><strong>αα</strong></span> <span class='ocrx_word' id='word_1_319' title='bbox 264 2815 363 2882; x_wconf 77' lang='lat' dir='ltr'><strong>palam</strong></span> <span class='ocrx_word' id='word_1_320' title='bbox 382 2821 471 2880; x_wconf 78' lang='lat' dir='ltr'><strong>tector,</strong></span> <span class='ocrx_word' id='word_1_321' title='bbox 489 2817 561 2868; x_wconf 79' lang='lat' dir='ltr'><strong>bauo</strong></span> <span class='ocrx_word' id='word_1_322' title='bbox 579 2816 678 2882; x_wconf 81' lang='lat' dir='ltr'><strong>eitam,</strong></span> <span class='ocrx_word' id='word_1_323' title='bbox 701 2834 783 2884; x_wconf 83' lang='lat' dir='ltr'><strong>quara</strong></span> <span class='ocrx_word' id='word_1_324' title='bbox 806 2834 852 2885; x_wconf 70' lang='lat' dir='ltr'><strong>eqo</strong></span> <span class='ocrx_word' id='word_1_325' title='bbox 875 2816 1026 2869; x_wconf 78' lang='lat' dir='ltr'><strong>iucundam</strong></span> <span class='ocrx_word' id='word_1_326' title='bbox 1049 2832 1123 2882; x_wconf 82' lang='lat' dir='ltr'><strong>uoco,</strong></span> 
     </span>
     <span class='ocr_line' id='line_1_38' title="bbox 103 2885 1120 2957; baseline 0.002 -18"><span class='ocrx_word' id='word_1_327' title='bbox 103 2902 160 2940; x_wconf 87' lang='lat' dir='ltr'><strong>uou</strong></span> <span class='ocrx_word' id='word_1_328' title='bbox 177 2887 237 2940; x_wconf 79' lang='lat' dir='ltr'><strong>siue</strong></span> <span class='ocrx_word' id='word_1_329' title='bbox 256 2887 364 2940; x_wconf 83' lang='lat' dir='ltr'><strong>adiecta</strong></span> <span class='ocrx_word' id='word_1_330' title='bbox 382 2887 481 2940; x_wconf 86' lang='lat' dir='ltr'><strong>uirtute</strong></span> <span class='ocrx_word' id='word_1_331' title='bbox 500 2887 660 2956; x_wconf 75' lang='lat' dir='ltr'><strong>coatiupere.</strong></span> <span class='ocrx_word' id='word_1_332' title='bbox 695 2887 743 2940; x_wconf 86' lang='lat' dir='ltr'><strong>cfr.</strong></span> <span class='ocrx_word' id='word_1_333' title='bbox 759 2887 845 2940; x_wconf 89' lang='lat' dir='ltr'><strong>etiam</strong></span> <span class='ocrx_word' id='word_1_334' title='bbox 859 2886 907 2939; x_wconf 84' lang='lat' dir='ltr'><strong>Us.</strong></span> <span class='ocrx_word' id='word_1_335' title='bbox 917 2885 950 2939; x_wconf 89' lang='lat' dir='ltr'><strong>fr.</strong></span> <span class='ocrx_word' id='word_1_336' title='bbox 961 2891 994 2939; x_wconf 82' lang='lat'><strong>67</strong></span> <span class='ocrx_word' id='word_1_337' title='bbox 1016 2889 1120 2957; x_wconf 86' lang='grc' dir='ltr'>μεγάλῃ</span> 
     </span>
     <span class='ocr_line' id='line_1_39' title="bbox 102 2957 1124 3026; baseline 0 -15"><span class='ocrx_word' id='word_1_338' title='bbox 102 2964 137 3026; x_wconf 84' lang='grc' dir='ltr'><strong>τῇ</strong></span> <span class='ocrx_word' id='word_1_339' title='bbox 167 2964 259 3026; x_wconf 80' lang='grc' dir='ltr'>φωνή.</span> <span class='ocrx_word' id='word_1_340' title='bbox 302 2973 368 3010; x_wconf 89' lang='lat' dir='ltr'><strong>voco</strong></span> <span class='ocrx_word' id='word_1_341' title='bbox 392 2962 461 3024; x_wconf 83' lang='grc' dir='ltr'>βοᾶν</span> <span class='ocrx_word' id='word_1_342' title='bbox 487 2957 578 3010; x_wconf 87' lang='lat' dir='ltr'><strong>utitur</strong></span> <span class='ocrx_word' id='word_1_343' title='bbox 606 2958 742 3026; x_wconf 83' lang='lat' dir='ltr'><strong>Epicurus</strong></span> <span class='ocrx_word' id='word_1_344' title='bbox 766 2957 798 3011; x_wconf 89' lang='lat' dir='ltr'><strong>fr.</strong></span> <span class='ocrx_word' id='word_1_345' title='bbox 819 2963 871 3011; x_wconf 80' lang='lat'><strong>200</strong></span> <span class='ocrx_word' id='word_1_346' title='bbox 894 2960 1124 3025; x_wconf 87' lang='grc' dir='ltr'>ἀφυσιολόγητον</span> 
     </span>
     <span class='ocr_line' id='line_1_40' title="bbox 102 3030 1121 3156; baseline 0.006 -6"><span class='ocrx_word' id='word_1_347' title='bbox 102 3031 276 3154; x_wconf 64' lang='lat' dir='ltr'><strong>utalia</strong></span> <span class='ocrx_word' id='word_1_348' title='bbox 289 3031 671 3156; x_wconf 52' lang='lat' dir='ltr'><strong>territaretur</strong></span> <span class='ocrx_word' id='word_1_349' title='bbox 685 3033 738 3097; x_wconf 60' lang='grc'>7</span> <span class='ocrx_word' id='word_1_350' title='bbox 1047 3030 1074 3083; x_wconf 70' lang='grc' dir='ltr'>Π</span> <span class='ocrx_word' id='word_1_351' title='bbox 1089 3036 1121 3083; x_wconf 68' lang='lat'><strong>1⁷</strong></span> 
     </span>
    </p>

    <p class='ocr_par' dir='ltr' id='par_1_13' title="bbox 103 3170 1124 3313">
     <span class='ocr_line' id='line_1_41' title="bbox 176 3170 1124 3239; baseline 0.003 -16"><span class='ocrx_word' id='word_1_352' title='bbox 176 3171 226 3224; x_wconf 90' lang='lat' dir='ltr'><strong>ool.</strong></span> <span class='ocrx_word' id='word_1_353' title='bbox 250 3171 290 3224; x_wconf 93' lang='lat' dir='ltr'><strong>III</strong></span> <span class='ocrx_word' id='word_1_354' title='bbox 315 3190 341 3225; x_wconf 83' lang='lat' dir='ltr'><strong>r.</strong></span> <span class='ocrx_word' id='word_1_355' title='bbox 367 3177 453 3225; x_wconf 82' lang='grc'>1-3.</span> <span class='ocrx_word' id='word_1_356' title='bbox 504 3173 607 3227; x_wconf 85' lang='lat' dir='ltr'><strong>Facete</strong></span> <span class='ocrx_word' id='word_1_357' title='bbox 634 3170 695 3225; x_wconf 79' lang='lat' dir='ltr'><strong>vult</strong></span> <span class='ocrx_word' id='word_1_358' title='bbox 722 3171 812 3239; x_wconf 91' lang='lat' dir='ltr'><strong>loqui:</strong></span> <span class='ocrx_word' id='word_1_359' title='bbox 855 3170 944 3225; x_wconf 85' lang='lat' dir='ltr'><strong>Stoici</strong></span> <span class='ocrx_word' id='word_1_360' title='bbox 970 3172 1124 3226; x_wconf 85' lang='lat' dir='ltr'><strong>virtutibus</strong></span> 
     </span>
     <span class='ocr_line' id='line_1_42' title="bbox 103 3241 934 3313; baseline 0.004 -20"><span class='ocrx_word' id='word_1_361' title='bbox 103 3241 249 3296; x_wconf 87' lang='lat' dir='ltr'><strong>molestias</strong></span> <span class='ocrx_word' id='word_1_362' title='bbox 269 3242 411 3308; x_wconf 78' lang='lat' dir='ltr'><strong>enhibent¹</strong></span> <span class='ocrx_word' id='word_1_363' title='bbox 431 3261 493 3297; x_wconf 93' lang='lat' dir='ltr'><strong>cum</strong></span> <span class='ocrx_word' id='word_1_364' title='bbox 514 3259 560 3297; x_wconf 81' lang='lat' dir='ltr'><strong>eas</strong></span> <span class='ocrx_word' id='word_1_365' title='bbox 581 3245 684 3313; x_wconf 82' lang='lat' dir='ltr'><strong>cogant</strong></span> <span class='ocrx_word' id='word_1_366' title='bbox 702 3243 798 3295; x_wconf 87' lang='lat' dir='ltr'><strong>sedem</strong></span> <span class='ocrx_word' id='word_1_367' title='bbox 816 3245 934 3296; x_wconf 86' lang='lat' dir='ltr'><strong>mutare.</strong></span> 
     </span>
    </p>

    <p class='ocr_par' dir='ltr' id='par_1_14' title="bbox 103 3312 1125 3527">
     <span class='ocr_line' id='line_1_43' title="bbox 173 3312 1123 3383; baseline 0.001 -17"><span class='ocrx_word' id='word_1_368' title='bbox 173 3332 199 3366; x_wconf 83' lang='lat' dir='ltr'><strong>v.</strong></span> <span class='ocrx_word' id='word_1_369' title='bbox 215 3319 302 3383; x_wconf 80' lang='lat' dir='ltr'><strong>bsqq.</strong></span> <span class='ocrx_word' id='word_1_370' title='bbox 322 3314 371 3368; x_wconf 83' lang='lat' dir='ltr'><strong>cfr.</strong></span> <span class='ocrx_word' id='word_1_371' title='bbox 387 3313 442 3369; x_wconf 85' lang='lat' dir='ltr'><strong>Cio.</strong></span> <span class='ocrx_word' id='word_1_372' title='bbox 458 3314 539 3368; x_wconf 89' lang='lat' dir='ltr'><strong>Tuso.</strong></span> <span class='ocrx_word' id='word_1_373' title='bbox 553 3315 593 3368; x_wconf 90' lang='lat' dir='ltr'><strong>HI</strong></span> <span class='ocrx_word' id='word_1_374' title='bbox 609 3319 649 3379; x_wconf 76' lang='lat'><strong>18,</strong></span> <span class='ocrx_word' id='word_1_375' title='bbox 665 3319 698 3366; x_wconf 80' lang='lat'><strong>42</strong></span> <span class='ocrx_word' id='word_1_376' title='bbox 723 3312 781 3382; x_wconf 90' lang='lat' dir='ltr'><strong>(Us.</strong></span> <span class='ocrx_word' id='word_1_377' title='bbox 797 3313 829 3366; x_wconf 88' lang='lat' dir='ltr'><strong>fr.</strong></span> <span class='ocrx_word' id='word_1_378' title='bbox 846 3319 879 3367; x_wconf 84' lang='grc'><strong>69</strong></span> <span class='ocrx_word' id='word_1_379' title='bbox 899 3315 1036 3383; x_wconf 83' lang='lat' dir='ltr'><strong>Epicurus</strong></span> <span class='ocrx_word' id='word_1_380' title='bbox 1062 3315 1123 3382; x_wconf 88' lang='lat' dir='ltr'><strong>ipse</strong></span> 
     </span>
     <span class='ocr_line' id='line_1_44' title="bbox 103 3383 1123 3454; baseline 0.003 -18"><span class='ocrx_word' id='word_1_381' title='bbox 103 3383 229 3451; x_wconf 87' lang='lat' dir='ltr'><strong>loquitur</strong></span> <span class='ocrx_word' id='word_1_382' title='bbox 252 3386 283 3438; x_wconf 90' lang='lat' dir='ltr'><strong>in</strong></span> <span class='ocrx_word' id='word_1_383' title='bbox 306 3386 378 3439; x_wconf 92' lang='lat' dir='ltr'><strong>libro</strong></span> <span class='ocrx_word' id='word_1_384' title='bbox 401 3388 471 3453; x_wconf 83' lang='grc' dir='ltr'>Περὶ</span> <span class='ocrx_word' id='word_1_385' title='bbox 490 3388 613 3454; x_wconf 83' lang='grc' dir='ltr'>φύσεως)</span> <span class='ocrx_word' id='word_1_386' title='bbox 637 3387 686 3452; x_wconf 85' lang='lat' dir='ltr'><strong>qui</strong></span> <span class='ocrx_word' id='word_1_387' title='bbox 707 3386 733 3439; x_wconf 80' lang='lat' dir='ltr'><strong>si</strong></span> <span class='ocrx_word' id='word_1_388' title='bbox 755 3387 868 3440; x_wconf 82' lang='lat' dir='ltr'><strong>uirtutes</strong></span> <span class='ocrx_word' id='word_1_389' title='bbox 895 3388 1007 3441; x_wconf 83' lang='lat' dir='ltr'><strong>ebullire</strong></span> <span class='ocrx_word' id='word_1_390' title='bbox 1034 3387 1123 3440; x_wconf 84' lang='lat' dir='ltr'><strong>aoleut</strong></span> 
     </span>
     <span class='ocr_line' id='line_1_45' title="bbox 103 3458 1125 3527; baseline 0.003 -19"><span class='ocrx_word' id='word_1_391' title='bbox 103 3462 128 3508; x_wconf 86' lang='lat' dir='ltr'><strong>et</strong></span> <span class='ocrx_word' id='word_1_392' title='bbox 141 3458 302 3524; x_wconf 77' lang='lat' dir='ltr'><strong>sapientiae,</strong></span> <span class='ocrx_word' id='word_1_393' title='bbox 317 3459 388 3511; x_wconf 78' lang='lat' dir='ltr'><strong>uitii</strong></span> <span class='ocrx_word' id='word_1_394' title='bbox 398 3458 477 3510; x_wconf 83' lang='lat' dir='ltr'><strong>aliud</strong></span> <span class='ocrx_word' id='word_1_395' title='bbox 486 3458 642 3511; x_wconf 77' lang='lat' dir='ltr'><strong>dieeutuici</strong></span> <span class='ocrx_word' id='word_1_396' title='bbox 651 3458 820 3522; x_wconf 81' lang='lat' dir='ltr'><strong>romeiam,</strong></span> <span class='ocrx_word' id='word_1_397' title='bbox 835 3476 899 3527; x_wconf 86' lang='lat' dir='ltr'><strong>qua</strong></span> <span class='ocrx_word' id='word_1_398' title='bbox 913 3459 1125 3524; x_wconf 72' lang='lat' dir='ltr'><strong>efficiantur</strong></span> 
     </span>
    </p>

    <p class='ocr_par' dir='ltr' id='par_1_15' title="bbox 90 3527 1124 3597">
     <span class='ocr_line' id='line_1_46' title="bbox 90 3527 1124 3597; baseline 0.007 -21"><span class='ocrx_word' id='word_1_399' title='bbox 90 3539 143 3572; x_wconf 77' lang='lat' dir='ltr'><strong>eae</strong></span> <span class='ocrx_word' id='word_1_400' title='bbox 158 3530 316 3592; x_wconf 60' lang='lat' dir='ltr'><strong>uoluntates</strong></span> <span class='ocrx_word' id='word_1_401' title='bbox 331 3545 405 3595; x_wconf 77' lang='lat' dir='ltr'><strong>quac</strong></span> <span class='ocrx_word' id='word_1_402' title='bbox 426 3544 515 3597; x_wconf 79' lang='lat' dir='ltr'><strong>supra</strong></span> <span class='ocrx_word' id='word_1_403' title='bbox 533 3528 603 3583; x_wconf 78' lang='lat' dir='ltr'><strong>dixi.</strong></span> <span class='ocrx_word' id='word_1_404' title='bbox 641 3527 768 3583; x_wconf 87' lang='lat' dir='ltr'><strong>Virtutes</strong></span> <span class='ocrx_word' id='word_1_405' title='bbox 792 3529 946 3583; x_wconf 87' lang='lat' dir='ltr'><strong>secundum</strong></span> <span class='ocrx_word' id='word_1_406' title='bbox 970 3528 1124 3597; x_wconf 74' lang='lat' dir='ltr'><strong>Epiotmeos</strong></span> 
     </span>
    </p>
   </div>
   <div class='ocr_carea' id='block_1_3' title="bbox 0 0 1220 3840">
    <p class='ocr_par' dir='ltr' id='par_1_16' title="bbox 0 0 1220 3840">
     <span class='ocr_line' id='line_1_47' title="bbox 0 0 1220 3840; baseline 0 0"><span class='ocrx_word' id='word_1_407' title='bbox 0 0 1220 3840; x_wconf 95' lang='lat' dir='ltr'><strong> </strong></span> 
     </span>
    </p>
   </div>
  </div>
 </body>
</html>
