2430 3840
451 140 694 195 -XXVII—

65 311 133 372 Kal.
158 313 194 369 fr.
215 303 272 392 23)
300 311 424 370 eandem
451 313 513 370 vim
539 310 631 370 habet
654 313 743 386 atquo
767 313 900 369 00100000
923 313 1030 384 crepere
1054 315 1083 370 01

64 402 251 461 construitur
268 400 431 459 secundum
449 418 484 458 ea
498 400 597 473 verba,
617 419 693 475 quae
706 402 821 458 motum
840 400 970 474 aliquem
990 401 1085 459 animi

66 490 216 562 indicant,
246 485 297 549 ἐπί
325 507 394 548 τινι.
440 509 535 564 neque
563 490 635 548 haec
663 491 812 548 structura
839 507 934 563 neque
963 489 1083 548 omnino

64 579 190 640 verbum
212 580 311 654 ipsum
334 579 390 636 hoc
413 596 500 637 sensu
524 579 599 635 alias
623 581 739 636 exstare
762 579 888 636 uidetur.

134 664 323 741 θνητότης
347 659 397 748 (fr.
412 665 512 725 LXIII
530 667 585 725 col.
600 666 643 724 IV
662 687 689 724 v.
705 669 724 724 4
745 694 778 713 =
798 665 871 726 Heb.
892 670 930 726 et.
949 667 1083 740 110122,

66 779 94 817 τ.
109 749 158 837 4),
186 759 221 816 01
247 758 309 814 iam
336 755 449 814 Usener
477 756 615 828 adnotat,
643 757 730 814 valde
758 775 859 815 recens
884 760 929 815 est
951 756 1083 831 verbum,

63 847 150 905 00100
169 846 303 920 exempla
324 848 468 903 notantur
486 844 567 920 apud
585 845 755 919 Tatianum,
774 845 937 920 Didymum
955 845 1083 904 Alexan-

63 936 195 1008 drinum,
213 934 281 992 301.
298 933 457 1008 Ohrysost,
476 933 656 1008 Nemesium,
670 934 784 1007 Nilum,
803 935 912 1010 dialog.
928 934 963 992 de
983 937 1083 993 anima

64 1025 133 1083 adv.
162 1023 333 1097 Platonem,
361 1022 451 1082 schol.
479 1022 671 1097 Philostrati,
689 1023 789 1082 schol.
822 1022 955 1084 Luciani.
1007 1023 1083 1082 addo

64 1113 157 1173 schol.
172 1114 245 1171 Ven.
265 1112 303 1171 ed
321 1111 446 1170 Iliadem
464 1108 488 1171 Η
510 1112 566 1186 59,
585 1112 878 1171 Pseudalexandrum
900 1113 1032 1188 Aphrod.
1051 1115 1083 1173 io

64 1201 233 1278 Metaphys.
259 1199 355 1275 Κ1,Ι
378 1221 406 1275 p.
428 1202 506 1273 637,
526 1203 566 1260 26
592 1195 626 1281 (i.
651 1221 675 1259 e.
698 1201 873 1260 Michaelcm
897 1194 1083 1280 Ephesium),

64 1291 188 1350 Davida
215 1291 247 1348 in
274 1291 419 1365 Porphyr.
448 1290 590 1368 isagogen
617 1293 649 1348 10
677 1291 721 1348 ed.
749 1291 801 1349 Ac.
823 1291 889 1348 Ber.
913 1291 1028 1365 XVIII,
1050 1293 1083 1365 2;

63 1380 117 1440 sed
141 1379 221 1456 apud
244 1379 446 1438 Alexandrum
470 1376 832 1453 01Βον10οθνητότης,
856 1384 891 1438 01
909 1400 988 1438 0000
1012 1380 1082 1439 dici-

63 1488 142 1544 mus,
165 1469 327 1528 abstractio
354 1469 453 1547 logica
481 1472 538 1543 001,
567 1469 647 1544 apud
671 1472 782 1528 ceteros
808 1472 909 1527 autem
932 1472 962 1528 et
985 1471 1084 1544 ipsum

65 1559 232 1635 Diogenem
255 1559 291 1616 fr.
306 1557 416 1616 XXXV
440 1558 494 1616 col.
509 1557 556 1615 III
579 1560 640 1616 v.3
673 1559 745 1616 haec
767 1577 824 1616 vox
847 1559 890 1616 ita
913 1561 1084 1633 usurpatur,

64 1650 101 1706 ut
123 1667 188 1707 eam
211 1648 272 1706 iam
295 1649 327 1705 in
349 1665 406 1705 usu
429 1647 579 1705 cotidIano
603 1648 694 1706 fuisse
717 1650 870 1722 appareat.

135 1736 291 1795 Structura
329 1732 451 1795 λείπει
480 1733 540 1810 μοί
565 1753 598 1794 τι
636 1727 686 1817 (fr.
714 1735 811 1794 LXIV
849 1739 903 1795 col.
929 1737 961 1795 II
992 1731 1082 1816 [Heb.

64 1830 98 1884 01
121 1825 186 1884 Kal,
212 1820 268 1903 23]
292 1846 318 1883 τ.
336 1828 353 1884 6
370 1828 399 1884 01
416 1818 449 1907 7)
480 1824 559 1900 apud
586 1825 746 1901 Polybium
773 1827 905 1901 primum
931 1828 1084 1886 invonitur

69 1916 220 1990 10,18,8
249 1911 346 1988 licere
369 1911 398 1973 τί
423 1911 524 1974 λείπει
551 1915 617 1974 τῶν
642 1911 830 1987 ἐπιτηδείων
855 1911 976 1988 αὐτοῖς.
1012 1914 1082 1974 Ρ10-

64 2003 187 2063 tarchus
211 2003 393 2077 nonhabet,
417 2003 467 2062 sed
486 2004 651 2079 Epictetus,
671 2002 809 2078 Galenus,
836 2007 1083 2064 commentatores

63 2092 247 2167 Aristotelis,
272 2093 325 2150 alii
352 2095 538 2152 recentiores.
583 2093 717 2169 vulgaris
739 2092 833 2170 igitur
856 2096 1006 2153 structura
1030 2098 1083 2152 est.

134 2177 373 2255 προσφάτως
410 2173 460 2262 (fr.
485 2181 582 2239 LXIV
614 2182 668 2240 col.
688 2181 734 2238 HI
767 2177 856 2260 [Heb.
881 2186 910 2241 01
933 2182 1001 2241 Kal.
1027 2176 1083 2262 24]

64 2290 94 2330 v.
109 2261 144 2352 4)
168 2271 248 2346 quod
276 2274 439 2344 estsuper
470 2270 550 2345 apud
582 2270 757 2329 Machonem
784 2276 904 2346 poetam
937 2273 1083 2330 comicum

64 2361 196 2436 primum
219 2360 386 2418 invenimus
406 2351 529 2440 (Athen.
547 2361 596 2433 13,
620 2380 648 2435 p.
665 2352 767 2440 5810)
792 2357 826 2419 ἐκ
845 2360 902 2435 τῆς
928 2358 1083 2434 Κορίνθου

64 2444 270 2524 προσφάτως
290 2443 482 2524 ἀφιγμένος,
507 2447 612 2507 deinde
635 2448 665 2506 in
685 2448 766 2506 LXX
785 2449 874 2508 Deut.
900 2453 950 2525 24,
967 2452 995 2524 5,
1019 2469 1082 2509 sae·

65 2540 133 2614 pius
157 2538 238 2613 apud
256 2537 424 2614 Polybium,
448 2541 513 2596 tum
531 2537 691 2596 Posidonio
716 2539 885 2597 coniectura
915 2540 1084 2598 restituitur

68 2619 163 2706 (apud
176 2626 287 2686 Athen.
297 2631 326 2702 4,
336 2647 364 2703 p.
378 2620 465 2709 153),
479 2647 569 2703 porro
584 2630 680 2686 exstat
693 2628 726 2685 in
740 2627 872 2686 Diodoro
888 2628 988 2688 Siculo
1001 2632 1029 2703 1,
1041 2631 1081 2688 36

65 2719 164 2790 et14,
182 2719 242 2775 115
268 2718 358 2775 semel
381 2719 413 2774 in
431 2717 593 2775 Parthenio
618 2719 648 2775 et
667 2714 780 2775 Galeno
804 2720 834 2775 et
853 2717 963 2776 Babrio
988 2719 1039 2792 30,
1055 2720 1083 2790 3,

64 2807 98 2863 in
126 2803 269 2882 Gregorio
296 2805 498 2880 Nazianzeno,
521 2806 552 2862 in
580 2805 749 2864 Phalaridis
777 2807 923 2881 epistulis.
974 2806 1083 2882 quibus

66 2894 209 2970 exemplis
241 2893 377 2953 addenda
410 2899 480 2955 sunt
512 2894 589 2954 Acta
617 2893 722 2970 Apost.
752 2896 805 2968 18,
831 2898 849 2954 2
883 2887 950 2976 (cfr.
983 2896 1083 2956 Deiss-

64 3002 156 3042 mann
175 2984 377 3044 Bibelstaclc‘ec
395 3006 423 3061 p.
439 2976 528 3064 211),
551 2984 686 3042 Aristeas
703 3003 726 3042 c.
743 2987 771 3059 5,
790 2984 862 3060 Pap.
878 2983 968 3044 Grecs
986 2985 1082 3044 Paris.

65 3093 95 3149 p.
111 3075 189 3145 370,
207 3075 247 3132 10
262 3065 342 3153 (165
368 3066 503 3154 0010),
527 3073 585 3131 Dio
606 3071 757 3149 Chrysost.
777 3066 843 3152 (cfr.
864 3073 984 3133 Schmid
1008 3074 1083 3133 Aut-

65 3163 172 3220 cismus
186 3181 213 3237 p.
227 3154 314 3243 701),
329 3163 500 3222 Eustratius
515 3163 569 3220 XX
583 3164 633 3235 96,
650 3164 691 3220 20
707 3166 737 3221 01
753 3165 825 3240 304,
843 3167 893 3238 10,
908 3164 1083 3239 Anonymus

64 3251 98 3308 in
122 3251 245 3309 Aristot.
273 3251 360 3310 Rhet.
384 3252 454 3310 XXI
470 3255 498 3327 2,
523 3253 575 3325 82,
591 3253 618 3310 8.
664 3253 697 3309 in
727 3253 861 3327 exemplo
885 3252 938 3310 illo
963 3252 1082 3312 Posido·

65 3342 170 3398 niano:
199 3337 238 3398 τὰ
262 3339 297 3399 δὲ
323 3337 474 3415 βρώματα
498 3337 590 3414 ἄρτοι
713 3338 763 3400 καὶ
787 3341 853 3400 τῶν
879 3337 1084 3417 προσφάτως

65 3426 337 3501 καθιερευθέντων
365 3425 451 3489 ὀπτὰ
478 3429 611 3504 δαψιλῆ,
640 3431 665 3488 si
690 3429 808 3504 quidem
830 3434 910 3489 recte
934 3432 1083 3489 mutatum

65 3519 112 3576 est
134 3513 339 3592 προσφάτως
363 3537 397 3576 ex
420 3514 640 3595 προσφάτων,
663 3521 784 3595 propria
809 3519 856 3578 ris
877 3519 1022 3576 nentem
1042 3519 1097 3568 cs-
