2430 3840
493 145 717 209 ,94-

97 303 156 353 tate
180 301 297 367 moveri,
317 304 415 355 eontra
437 301 519 355 illum
539 302 664 355 dicamus
671 343 762 356 ......
800 302 876 370 quod
895 301 1052 357 coniectum
1074 307 1119 357 est

98 371 132 424 ab
152 372 308 425 Austriacis
328 375 439 441 ἔνερθεν
458 377 488 428 δὲ
508 375 656 441 φαίνεσθαι
674 376 944 440 κατηνανκασμένιιις
957 376 1049 430 πάντα
1064 393 1118 429 κει·

96 448 202 497 νεῖσθαι
220 445 267 497 vix
284 448 394 497 rectum
413 462 472 497 esse
491 448 593 513 potest,
613 445 696 512 quod,
716 447 844 512 quamvis
859 445 977 499 dubium
991 445 1029 499 sit
1048 464 1118 515 qua·

96 514 152 568 lem
171 519 279 568 motum
298 516 385 569 atomi
399 515 554 570 Democriti
571 533 622 584 per
639 533 667 570 se
682 516 815 582 habeant,
834 516 864 569 id
879 517 993 584 quidem
1008 521 1119 571 certum

97 591 148 652 est,
167 603 263 639 omnes
284 591 391 640 atomos
412 605 545 640 sursum
564 586 631 640 ferri
650 605 714 640 eum
732 604 789 642 non
807 589 959 656 putavisse.
997 590 1118 657 accedit,

97 658 172 728 quod
192 659 334 712 sententia
353 659 532 712 antecedenti
550 658 690 729 Diogenes
710 659 901 713 adversarium
919 659 1002 730 fingit
1022 662 1118 714 dicen-

95 732 163 795 tem,
178 731 279 783 atomis
294 729 415 783 liberum
428 732 537 783 motum
550 747 607 784 non
621 732 712 783 inesse
727 732 869 801 propter
883 731 1114 800 collisionem,

95 802 114 855 i.
135 819 157 855 e.
178 802 253 869 quod
278 802 365 854 atomi
387 803 462 854 inter
485 820 513 855 se
538 801 651 856 collisae
676 805 781 856 certam
804 803 835 855 in
857 803 933 856 viam
955 805 1118 872 trudantur,

97 875 164 926 dum
182 874 286 925 iterum
305 874 341 926 ad
361 873 432 926 alias
451 872 615 940 allidantur,
642 875 800 942 iterumque
825 873 911 927 aliam
929 876 1005 928 viam
1023 876 1115 929 facere

96 947 240 1014 cogantur.
282 944 336 997 hac
359 945 448 1014 igitur
470 945 500 998 in
522 963 552 998 re
579 945 602 998 si
631 946 755 998 cernitur
781 947 948 1013 necessitas,
976 948 1117 1015 quomodo

97 1016 238 1070 sententia
265 1017 393 1085 proxima
422 1017 478 1068 dici
506 1019 600 1085 potest
623 1017 717 1069 omnia
740 1018 907 1071 necessitate
932 1021 1044 1086 ἔνερθεν
1064 1037 1117 1073 κει·

95 1093 209 1155 νεῖσθαι,
228 1089 257 1140 et
275 1087 414 1154 quomodo
432 1104 505 1141 nova
523 1087 593 1141 haec
612 1088 762 1142 affirmatio
779 1089 867 1156 priori
885 1106 951 1143 voce
966 1093 997 1144 δέ
1011 1090 1117 1160 opponi

97 1161 208 1227 potest?

168 1231 217 1284 col.
233 1230 272 1283 111
289 1249 315 1284 v,
331 1236 400 1283 3-7
421 1229 469 1284 cfr.
489 1229 545 1284 Cic.
565 1231 599 1284 ds
618 1232 676 1283 nat.
696 1231 770 1284 deor.
791 1231 860 1298 125,
872 1235 905 1283 69
932 1230 989 1300 (Us.
1009 1231 1043 1285 fr.
1063 1237 1115 1284 ‘281

94 1320 122 1371 p.
143 1307 208 1369 201,
233 1304 276 1371 15)
308 1303 451 1370 Epiuuus
478 1303 583 1357 iuoeuit
610 1303 742 1371 quomodo
770 1304 953 1357 necessitatem
979 1304 1117 1374 effuperet,

95 1375 168 1443 quod
184 1374 309 1428 uidelicet
325 1374 513 1428 Democritum
536 1376 660 1444 superat:
692 1376 734 1428 uit
756 1381 890 1441 atomum,
913 1391 974 1428 cum
993 1376 1116 1442 paudere

25 1502 29 1509 ,
95 1453 121 1500 et
137 1447 273 1516 pravitate
295 1447 399 1500 derecto
424 1446 535 1499 deorsus
559 1446 676 1512 feratur,
699 1447 835 1500 decliuem
850 1445 1018 1514 paullulum.
1056 1445 1117 1499 sola

96 1517 284 1570 declinatione
308 1519 465 1570 atomorum
488 1517 607 1570 liberam
629 1517 804 1570 voluntatem
823 1517 928 1571 servari
947 1517 1018 1570 dicit
1035 1517 1115 1571 Lucr.

165 1666 223 1714 v.8
252 1659 391 1727 quomodo
420 1659 559 1726 Epicurus
588 1659 806 1712 declinationem
834 1661 990 1713 atomorum
1018 1677 1051 1712 ex
1074 1661 1116 1713 eis

94 1731 178 1784 rebus
197 1749 269 1799 quae
289 1730 378 1784 oculis
396 1731 528 1783 videntur
546 1731 720 1799 probaverit,
746 1731 886 1784 nescimus
906 1731 971 1802 (nisi
990 1731 1062 1786 forte
1081 1749 1116 1784 ex

95 1803 158 1928 insa
185 1802 276 1856 libera
302 1801 460 1867 voluntate,
489 1819 574 1870 quam
602 1801 772 1855 animalibus
799 1802 891 1856 inesse
920 1805 1037 1872 apparet
1065 1803 1115 1858 cfr.

117 1891 174 1927 σοι.
194 1874 212 1926 l.
229 1876 271 1943 α).

165 1964 191 1998 ν.
213 1950 317 1999 10-14
346 1943 394 1997 cfr.
416 1943 461 1996 Us.
481 1944 514 1997 fr.
535 1950 586 1998 378
612 1945 700 1999 καίτοι
729 1947 744 1998 ὁ
774 1947 823 2011 μὲν
848 1945 1009 2013 Ἐπίκουρος
1036 1948 1116 2013 ἁμῶς

95 2019 128 2082 γέ
147 2035 207 2081 ποις
226 2019 377 2083 στρέφεται
401 2019 446 2069 καί
470 2020 626 2083 φιλοτεχνεῖ
649 2021 700 2083 τῆς
723 2017 811 2070 ἀιδίου
832 2017 969 2084 κινήσεως
987 2021 1115 2084 μηχανώ-

96 2106 178 2156 μενος
197 2090 383 2155 ἐλευθερῶσαι
402 2091 447 2140 καί
465 2088 603 2142 ἀπολῦσαι
621 2089 654 2141 τὸ
675 2090 804 2142 ἑκούσιον
822 2090 892 2155 ὑπὲρ
911 2094 962 2142 τοο
980 2091 1016 2155 μὴ
1032 2106 1115 2143 κατα-

95 2164 182 2214 λιπεῖν
202 2161 373 2226 ἀνέγκλητον
392 2161 445 2224 τήν
465 2160 569 2213 κακίαν.

166 2267 208 2320 ir.
223 2265 357 2320 XXXIV
380 2265 519 2318 intramus
544 2265 575 2317 in
599 2266 684 2334 caput
708 2265 742 2317 dc
765 2266 843 2318 metu
861 2265 968 2319 mortis.
1005 2269 1116 2336 pugnat

96 2338 216 2406 scriptor
239 2339 337 2390 contra
360 2353 407 2390 eos
432 2337 482 2404 qui
506 2337 630 2389 animam
652 2338 717 2405 post
739 2337 858 2390 mortem
881 2353 1043 2405 permanere
1062 2356 1115 2406 pu-

94 2412 158 2462 tant
176 2411 205 2461 et
222 2409 270 2462 hio
288 2409 409 2461 maxime
429 2409 527 2462 contra
545 2425 601 2475 eos,
620 2407 723 2476 quibus
743 2425 776 2460 ex
796 2407 851 2461 alio
870 2409 900 2461 in
920 2408 998 2461 aliud
1013 2425 1114 2477 corpus

94 2480 295 2605 tradnsnlrigrare
315 2480 438 2533 animam
461 2480 567 2548 placet,
593 2479 783 2550 Pythagoram
807 2481 835 2532 et
854 2479 897 2548 (fr.
917 2479 1029 2549 XXXV)
1048 2479 1115 2534 Em-

94 2571 129 2622 pe
151 2569 248 2606 ocem.

166 2660 208 2713 fr.
223 2658 341 2712 XXXV
361 2657 412 2711 col.
431 2658 452 2724 I,
471 2657 497 2710 Π
521 2658 689 2711 sententiam
712 2657 785 2710 hanc
804 2675 864 2710 esse
882 2659 964 2726 puto:
994 2659 1115 2727 scriptor

94 2730 201 2784 refutat
223 2731 401 2800 Empedoclis
430 2730 610 2795 sententiam,
640 2730 689 2798 qui
718 2729 826 2782 animas
850 2746 883 2780 ex
907 2728 962 2781 alio
985 2729 1015 2781 in
1034 2730 1114 2784 aliud

96 2802 201 2856 animal
224 2802 343 2855 transire
368 2801 461 2867 docet,
486 2818 550 2854 cum
573 2801 644 2854 dicit
668 2801 789 2866 animas,
816 2800 839 2852 si
859 2817 892 2852 ex
911 2799 966 2852 alio
985 2801 1016 2852 in
1035 2801 1114 2855 aliud

95 2874 201 2927 animal
219 2874 373 2940 transeant,
392 2889 504 2925 necesse
524 2890 583 2925 esse
603 2873 689 2926 etiam
708 2889 758 2940 per
777 2889 805 2925 se
823 2871 896 2923 solas
909 2871 1003 2924 vivere
1017 2889 1113 2941 posse;

95 2963 127 3000 eo
147 2946 222 2997 enim
241 2946 303 3012 ipso
321 2946 460 3012 tempore,
482 2961 546 2996 curn
564 2947 718 3010 transeant,
738 2961 785 2996 eas
804 2959 918 3012 corpore
938 2943 1045 2997 solutas
1063 2963 1115 3015 per

96 3035 124 3070 se
145 3016 217 3070 solas
232 3017 332 3069 vivere.
361 3033 427 3068 nam
442 3016 466 3068 si
480 3015 663 3084 Empedocles
682 3016 717 3068 iis
736 3014 786 3068 illo
804 3015 969 3067 transeundi
987 3017 1113 3086 tempore

95 3087 225 3141 animalis
244 3089 375 3139 naturam
393 3104 449 3140 non
468 3087 618 3152 attribuat,
645 3104 705 3139 rem
729 3087 788 3138 eius
807 3085 1008 3157 (Empedoclis)
1026 3089 1113 3142 etiarn

94 3160 175 3228 peius
200 3177 228 3212 se
252 3158 355 3211 habere
374 3161 409 3226 (v.
426 3164 503 3212 1-6.
540 3157 659 3210 fortasse
681 3158 740 3210 iam
763 3159 847 3210 antea
875 3159 1034 3212 accuratius
1059 3161 1113 3214 hac

96 3232 129 3284 de
148 3249 177 3283 re
197 3230 307 3283 locutus
327 3231 387 3298 est).
425 3230 469 3282 sin
488 3231 583 3281 autem
602 3229 711 3280 animae
731 3228 858 3296 quolibet
879 3231 962 3284 modo
982 3231 1114 3286 animalis

94 3304 225 3355 naturam
249 3302 308 3354 sine
332 3317 445 3369 corpore
468 3300 575 3353 habent
593 3330 626 3340 —
646 3317 712 3352 nam
736 3299 830 3367 aliquo
853 3301 936 3354 modo
961 3319 1008 3355 eas
1033 3303 1113 3356 illam

94 3376 225 3427 naturam
248 3373 350 3426 habere
369 3389 482 3425 necesse
506 3373 549 3425 est
567 3403 610 3439 -,
638 3388 688 3424 cur
705 3370 904 3441 Empedoclem
922 3377 984 3426 tum
1003 3375 1114 3427 animas

95 3463 128 3496 ex
157 3445 213 3498 alio
240 3445 270 3496 in
299 3444 377 3497 aliud
405 3443 510 3497 animal
536 3442 736 3496 transducere?
764 3446 798 3512 (v.
815 3446 921 3512 6-14).
960 3447 1010 3498 aut
1037 3446 1113 3499 enim
