<?xml version="1.0" encoding="UTF-8"?>
<!DOCTYPE html PUBLIC "-//W3C//DTD XHTML 1.0 Transitional//EN"
    "http://www.w3.org/TR/xhtml1/DTD/xhtml1-transitional.dtd">
<html xmlns="http://www.w3.org/1999/xhtml" xml:lang="en" lang="en">
 <head>
  <title>
</title>
<meta http-equiv="Content-Type" content="text/html;charset=utf-8" />
  <meta name='ocr-system' content='tesseract 3.04.00' />
  <meta name='ocr-capabilities' content='ocr_page ocr_carea ocr_par ocr_line ocrx_word'/>
</head>
<body>
  <div class='ocr_page' id='page_1' title='image "./diogenisoenoand00dioggoog_0034.png"; bbox 0 0 2430 3840; ppageno 0'>
   <div class='ocr_carea' id='block_1_1' title="bbox 467 123 696 178">
    <p class='ocr_par' dir='ltr' id='par_1_1' title="bbox 467 123 696 178">
     <span class='ocr_line' id='line_1_1' title="bbox 467 123 696 178; baseline -0.004 -13"><span class='ocrx_word' id='word_1_1' title='bbox 467 123 696 178; x_wconf 72' lang='lat' dir='ltr'><strong>-fflx-</strong></span> 
     </span>
    </p>
   </div>
   <div class='ocr_carea' id='block_1_2' title="bbox 70 293 1132 3579">
    <p class='ocr_par' dir='ltr' id='par_1_2' title="bbox 70 293 1099 2510">
     <span class='ocr_line' id='line_1_2' title="bbox 142 293 1090 372; baseline -0.003 -17"><span class='ocrx_word' id='word_1_2' title='bbox 142 297 221 356; x_wconf 85' lang='lat' dir='ltr'><strong>Satis</strong></span> <span class='ocrx_word' id='word_1_3' title='bbox 243 297 339 372; x_wconf 91' lang='lat' dir='ltr'><strong>igitur</strong></span> <span class='ocrx_word' id='word_1_4' title='bbox 360 294 457 352; x_wconf 91' lang='lat' dir='ltr'><strong>multa</strong></span> <span class='ocrx_word' id='word_1_5' title='bbox 479 293 526 352; x_wconf 90' lang='lat' dir='ltr'><strong>his</strong></span> <span class='ocrx_word' id='word_1_6' title='bbox 549 295 686 368; x_wconf 87' lang='lat' dir='ltr'><strong>quamvis</strong></span> <span class='ocrx_word' id='word_1_7' title='bbox 709 297 823 370; x_wconf 79' lang='lat' dir='ltr'>exiguis</span> <span class='ocrx_word' id='word_1_8' title='bbox 843 295 1018 372; x_wconf 76' lang='lat' dir='ltr'><strong>fragmentis</strong></span> <span class='ocrx_word' id='word_1_9' title='bbox 1041 298 1090 354; x_wconf 86' lang='lat' dir='ltr'><strong>in-</strong></span> 
     </span>
     <span class='ocr_line' id='line_1_3' title="bbox 70 383 1089 460; baseline -0.004 -13"><span class='ocrx_word' id='word_1_10' title='bbox 70 391 144 448; x_wconf 92' lang='lat' dir='ltr'><strong>sunt</strong></span> <span class='ocrx_word' id='word_1_11' title='bbox 166 385 313 444; x_wconf 83' lang='lat' dir='ltr'><strong>voeabula</strong></span> <span class='ocrx_word' id='word_1_12' title='bbox 340 384 388 441; x_wconf 90' lang='lat' dir='ltr'><strong>vel</strong></span> <span class='ocrx_word' id='word_1_13' title='bbox 415 385 582 441; x_wconf 74' lang='lat' dir='ltr'><strong>structurae</strong></span> <span class='ocrx_word' id='word_1_14' title='bbox 610 383 658 441; x_wconf 91' lang='lat' dir='ltr'><strong>vel</strong></span> <span class='ocrx_word' id='word_1_15' title='bbox 685 383 803 443; x_wconf 90' lang='lat' dir='ltr'><strong>dicendi</strong></span> <span class='ocrx_word' id='word_1_16' title='bbox 829 385 989 460; x_wconf 84' lang='lat' dir='ltr'><strong>formulae,</strong></span> <span class='ocrx_word' id='word_1_17' title='bbox 1013 404 1089 460; x_wconf 88' lang='lat' dir='ltr'><strong>quae</strong></span> 
     </span>
     <span class='ocr_line' id='line_1_4' title="bbox 73 471 1088 552; baseline -0.004 -16"><span class='ocrx_word' id='word_1_18' title='bbox 73 495 170 552; x_wconf 90' lang='lat' dir='ltr'><strong>neque</strong></span> <span class='ocrx_word' id='word_1_19' title='bbox 191 474 361 547; x_wconf 86' lang='lat' dir='ltr'><strong>inscriptis</strong></span> <span class='ocrx_word' id='word_1_20' title='bbox 381 471 504 547; x_wconf 88' lang='lat' dir='ltr'><strong>Epicuri</strong></span> <span class='ocrx_word' id='word_1_21' title='bbox 526 471 717 531; x_wconf 77' lang='lat' dir='ltr'><strong>inveniantur</strong></span> <span class='ocrx_word' id='word_1_22' title='bbox 735 492 830 548; x_wconf 92' lang='lat' dir='ltr'><strong>neque</strong></span> <span class='ocrx_word' id='word_1_23' title='bbox 850 474 970 532; x_wconf 90' lang='lat' dir='ltr'><strong>omnino</strong></span> <span class='ocrx_word' id='word_1_24' title='bbox 989 477 1088 533; x_wconf 89' lang='lat' dir='ltr'><strong>aetate</strong></span> 
     </span>
     <span class='ocr_line' id='line_1_5' title="bbox 75 560 1089 642; baseline -0.003 -17"><span class='ocrx_word' id='word_1_25' title='bbox 75 565 199 642; x_wconf 88' lang='lat' dir='ltr'><strong>Epicuri</strong></span> <span class='ocrx_word' id='word_1_26' title='bbox 225 565 371 637; x_wconf 89' lang='lat' dir='ltr'><strong>usurpata</strong></span> <span class='ocrx_word' id='word_1_27' title='bbox 397 560 516 620; x_wconf 80' lang='lat' dir='ltr'><strong>fuerint.</strong></span> <span class='ocrx_word' id='word_1_28' title='bbox 563 562 614 620; x_wconf 92' lang='lat' dir='ltr'><strong>sed</strong></span> <span class='ocrx_word' id='word_1_29' title='bbox 642 561 805 620; x_wconf 86' lang='lat' dir='ltr'><strong>cavendum</strong></span> <span class='ocrx_word' id='word_1_30' title='bbox 829 569 890 636; x_wconf 81' lang='lat' dir='ltr'><strong>est,</strong></span> <span class='ocrx_word' id='word_1_31' title='bbox 918 583 955 620; x_wconf 92' lang='lat' dir='ltr'><strong>ne</strong></span> <span class='ocrx_word' id='word_1_32' title='bbox 978 566 1089 622; x_wconf 89' lang='lat' dir='ltr'><strong>temere</strong></span> 
     </span>
     <span class='ocr_line' id='line_1_6' title="bbox 73 650 1090 728; baseline -0.004 -13"><span class='ocrx_word' id='word_1_33' title='bbox 73 659 107 715; x_wconf 87' lang='lat' dir='ltr'><strong>et</strong></span> <span class='ocrx_word' id='word_1_34' title='bbox 127 652 345 712; x_wconf 78' lang='lat' dir='ltr'><strong>inconsiderate</strong></span> <span class='ocrx_word' id='word_1_35' title='bbox 369 650 604 727; x_wconf 86' lang='lat' dir='ltr'><strong>progrediamur.</strong></span> <span class='ocrx_word' id='word_1_36' title='bbox 649 671 719 708; x_wconf 89' lang='lat' dir='ltr'><strong>nam</strong></span> <span class='ocrx_word' id='word_1_37' title='bbox 743 669 809 710; x_wconf 92' lang='lat' dir='ltr'><strong>cum</strong></span> <span class='ocrx_word' id='word_1_38' title='bbox 833 653 920 711; x_wconf 87' lang='lat' dir='ltr'><strong>huius</strong></span> <span class='ocrx_word' id='word_1_39' title='bbox 944 653 1090 728; x_wconf 84' lang='lat' dir='ltr'><strong>epistulae</strong></span> 
     </span>
     <span class='ocr_line' id='line_1_7' title="bbox 75 739 1091 817; baseline -0.002 -15"><span class='ocrx_word' id='word_1_40' title='bbox 75 747 228 802; x_wconf 79' lang='lat' dir='ltr'><strong>auctorem</strong></span> <span class='ocrx_word' id='word_1_41' title='bbox 254 741 374 817; x_wconf 74' lang='lat' dir='ltr'><strong>vtrlgari</strong></span> <span class='ocrx_word' id='word_1_42' title='bbox 401 758 533 798; x_wconf 89' lang='lat' dir='ltr'><strong>sermone</strong></span> <span class='ocrx_word' id='word_1_43' title='bbox 561 739 607 797; x_wconf 88' lang='lat' dir='ltr'><strong>uti</strong></span> <span class='ocrx_word' id='word_1_44' title='bbox 633 740 798 816; x_wconf 82' lang='lat' dir='ltr'><strong>videamus,</strong></span> <span class='ocrx_word' id='word_1_45' title='bbox 826 760 904 799; x_wconf 91' lang='lat' dir='ltr'><strong>nunc</strong></span> <span class='ocrx_word' id='word_1_46' title='bbox 929 743 1091 816; x_wconf 87' lang='lat' dir='ltr'><strong>quaeritur,</strong></span> 
     </span>
     <span class='ocr_line' id='line_1_8' title="bbox 73 829 1091 909; baseline -0.002 -18"><span class='ocrx_word' id='word_1_47' title='bbox 73 851 153 909; x_wconf 88' lang='lat' dir='ltr'><strong>quae</strong></span> <span class='ocrx_word' id='word_1_48' title='bbox 171 833 249 889; x_wconf 89' lang='lat' dir='ltr'><strong>ratio</strong></span> <span class='ocrx_word' id='word_1_49' title='bbox 264 830 394 904; x_wconf 81' lang='lat' dir='ltr'><strong>Epicuro</strong></span> <span class='ocrx_word' id='word_1_50' title='bbox 414 847 481 886; x_wconf 92' lang='lat' dir='ltr'><strong>cum</strong></span> <span class='ocrx_word' id='word_1_51' title='bbox 494 829 613 905; x_wconf 80' lang='lat' dir='ltr'><strong>vulgari</strong></span> <span class='ocrx_word' id='word_1_52' title='bbox 632 847 765 888; x_wconf 89' lang='lat' dir='ltr'><strong>sermone</strong></span> <span class='ocrx_word' id='word_1_53' title='bbox 783 831 957 891; x_wconf 88' lang='lat' dir='ltr'><strong>intercedat.</strong></span> <span class='ocrx_word' id='word_1_54' title='bbox 982 832 1091 906; x_wconf 88' lang='lat' dir='ltr'><strong>quade</strong></span> 
     </span>
     <span class='ocr_line' id='line_1_9' title="bbox 74 916 1092 997; baseline -0.004 -14"><span class='ocrx_word' id='word_1_55' title='bbox 74 943 108 983; x_wconf 86' lang='lat' dir='ltr'><strong>re</strong></span> <span class='ocrx_word' id='word_1_56' title='bbox 126 940 221 997; x_wconf 90' lang='lat' dir='ltr'><strong>nuper</strong></span> <span class='ocrx_word' id='word_1_57' title='bbox 239 919 379 978; x_wconf 83' lang='lat' dir='ltr'><strong>disseruit</strong></span> <span class='ocrx_word' id='word_1_58' title='bbox 401 916 433 975; x_wconf 89' lang='lat' dir='ltr'><strong>P.</strong></span> <span class='ocrx_word' id='word_1_59' title='bbox 448 916 542 975; x_wconf 87' lang='lat' dir='ltr'><strong>Linde</strong></span> <span class='ocrx_word' id='word_1_60' title='bbox 564 918 599 976; x_wconf 86' lang='lat' dir='ltr'><strong>dc</strong></span> <span class='ocrx_word' id='word_1_61' title='bbox 617 918 743 990; x_wconf 77' lang='lat' dir='ltr'><strong>Epicuri</strong></span> <span class='ocrx_word' id='word_1_62' title='bbox 760 921 909 979; x_wconf 80' lang='lat' dir='ltr'><strong>uocabulis</strong></span> <span class='ocrx_word' id='word_1_63' title='bbox 927 921 964 978; x_wconf 82' lang='lat' dir='ltr'><strong>ab</strong></span> <span class='ocrx_word' id='word_1_64' title='bbox 983 923 1092 993; x_wconf 80' lang='lat' dir='ltr'><strong>optima</strong></span> 
     </span>
     <span class='ocr_line' id='line_1_10' title="bbox 77 998 1092 1089; baseline -0.002 -19"><span class='ocrx_word' id='word_1_65' title='bbox 77 1010 195 1070; x_wconf 77' lang='lat' dir='ltr'><strong>Atthide</strong></span> <span class='ocrx_word' id='word_1_66' title='bbox 214 1009 319 1068; x_wconf 78' lang='lat' dir='ltr'><strong>alienis</strong></span> <span class='ocrx_word' id='word_1_67' title='bbox 338 999 475 1088; x_wconf 81' lang='lat' dir='ltr'><strong>(Vratisl.</strong></span> <span class='ocrx_word' id='word_1_68' title='bbox 493 998 602 1089; x_wconf 79' lang='lat'>1906),</span> <span class='ocrx_word' id='word_1_69' title='bbox 627 1009 679 1081; x_wconf 90' lang='lat' dir='ltr'><strong>qui</strong></span> <span class='ocrx_word' id='word_1_70' title='bbox 696 1008 778 1066; x_wconf 91' lang='lat' dir='ltr'><strong>illius</strong></span> <span class='ocrx_word' id='word_1_71' title='bbox 797 1009 953 1068; x_wconf 82' lang='lat' dir='ltr'><strong>verborum</strong></span> <span class='ocrx_word' id='word_1_72' title='bbox 973 1010 1092 1086; x_wconf 85' lang='lat' dir='ltr'><strong>suppel-</strong></span> 
     </span>
     <span class='ocr_line' id='line_1_11' title="bbox 76 1093 1094 1174; baseline -0.002 -16"><span class='ocrx_word' id='word_1_73' title='bbox 76 1101 177 1160; x_wconf 90' lang='lat' dir='ltr'><strong>lectile</strong></span> <span class='ocrx_word' id='word_1_74' title='bbox 191 1117 260 1158; x_wconf 91' lang='lat' dir='ltr'><strong>cum</strong></span> <span class='ocrx_word' id='word_1_75' title='bbox 276 1097 343 1155; x_wconf 90' lang='lat' dir='ltr'><strong>aliis</strong></span> <span class='ocrx_word' id='word_1_76' title='bbox 362 1097 483 1174; x_wconf 89' lang='lat' dir='ltr'><strong>linguae</strong></span> <span class='ocrx_word' id='word_1_77' title='bbox 498 1093 627 1154; x_wconf 79' lang='lat' dir='ltr'><strong>Graecae</strong></span> <span class='ocrx_word' id='word_1_78' title='bbox 646 1097 825 1157; x_wconf 89' lang='lat' dir='ltr'><strong>testimoniis</strong></span> <span class='ocrx_word' id='word_1_79' title='bbox 844 1099 956 1156; x_wconf 88' lang='lat' dir='ltr'><strong>collata</strong></span> <span class='ocrx_word' id='word_1_80' title='bbox 974 1102 1094 1173; x_wconf 90' lang='lat' dir='ltr'><strong>praeter</strong></span> 
     </span>
     <span class='ocr_line' id='line_1_12' title="bbox 75 1185 1093 1263; baseline -0.004 -15"><span class='ocrx_word' id='word_1_81' title='bbox 75 1191 140 1248; x_wconf 89' lang='lat' dir='ltr'><strong>alia</strong></span> <span class='ocrx_word' id='word_1_82' title='bbox 166 1189 222 1246; x_wconf 93' lang='lat' dir='ltr'><strong>hoc</strong></span> <span class='ocrx_word' id='word_1_83' title='bbox 249 1185 407 1263; x_wconf 90' lang='lat' dir='ltr'><strong>praecipue</strong></span> <span class='ocrx_word' id='word_1_84' title='bbox 434 1185 630 1258; x_wconf 89' lang='lat' dir='ltr'><strong>demonstrat,</strong></span> <span class='ocrx_word' id='word_1_85' title='bbox 658 1185 744 1243; x_wconf 93' lang='lat' dir='ltr'><strong>illum</strong></span> <span class='ocrx_word' id='word_1_86' title='bbox 771 1188 867 1245; x_wconf 88' lang='lat' dir='ltr'><strong>multa</strong></span> <span class='ocrx_word' id='word_1_87' title='bbox 890 1188 1035 1246; x_wconf 88' lang='lat' dir='ltr'><strong>vocabula</strong></span> <span class='ocrx_word' id='word_1_88' title='bbox 1058 1207 1093 1245; x_wconf 83' lang='lat' dir='ltr'><strong>ex</strong></span> 
     </span>
     <span class='ocr_line' id='line_1_13' title="bbox 77 1274 1094 1356; baseline -0.004 -18"><span class='ocrx_word' id='word_1_89' title='bbox 77 1279 168 1356; x_wconf 81' lang='grc' dir='ltr'>κοινῇ</span> <span class='ocrx_word' id='word_1_90' title='bbox 188 1276 315 1334; x_wconf 89' lang='lat' dir='ltr'><strong>dialecto</strong></span> <span class='ocrx_word' id='word_1_91' title='bbox 334 1276 522 1332; x_wconf 87' lang='lat' dir='ltr'><strong>haurientem</strong></span> <span class='ocrx_word' id='word_1_92' title='bbox 536 1274 667 1332; x_wconf 91' lang='lat' dir='ltr'><strong>medium</strong></span> <span class='ocrx_word' id='word_1_93' title='bbox 686 1276 746 1334; x_wconf 86' lang='lat' dir='ltr'><strong>fere</strong></span> <span class='ocrx_word' id='word_1_94' title='bbox 760 1277 839 1334; x_wconf 88' lang='lat' dir='ltr'><strong>inter</strong></span> <span class='ocrx_word' id='word_1_95' title='bbox 852 1276 1045 1335; x_wconf 85' lang='lat' dir='ltr'><strong>Aristotelem</strong></span> <span class='ocrx_word' id='word_1_96' title='bbox 1064 1280 1094 1334; x_wconf 92' lang='lat' dir='ltr'><strong>et</strong></span> 
     </span>
     <span class='ocr_line' id='line_1_14' title="bbox 77 1353 1094 1444; baseline -0.002 -18"><span class='ocrx_word' id='word_1_97' title='bbox 77 1367 239 1442; x_wconf 86' lang='lat' dir='ltr'><strong>Polybium</strong></span> <span class='ocrx_word' id='word_1_98' title='bbox 257 1366 356 1423; x_wconf 92' lang='lat' dir='ltr'><strong>locum</strong></span> <span class='ocrx_word' id='word_1_99' title='bbox 375 1363 508 1422; x_wconf 86' lang='lat' dir='ltr'><strong>obtinere</strong></span> <span class='ocrx_word' id='word_1_100' title='bbox 529 1353 572 1444; x_wconf 90' lang='lat' dir='ltr'><strong>(p.</strong></span> <span class='ocrx_word' id='word_1_101' title='bbox 593 1357 658 1444; x_wconf 80' lang='lat'>54).</span> <span class='ocrx_word' id='word_1_102' title='bbox 688 1365 791 1439; x_wconf 89' lang='lat' dir='ltr'><strong>itaque</strong></span> <span class='ocrx_word' id='word_1_103' title='bbox 810 1365 890 1440; x_wconf 93' lang='lat' dir='ltr'><strong>quod</strong></span> <span class='ocrx_word' id='word_1_104' title='bbox 907 1368 939 1423; x_wconf 91' lang='lat' dir='ltr'><strong>in</strong></span> <span class='ocrx_word' id='word_1_105' title='bbox 957 1366 1013 1424; x_wconf 90' lang='lat' dir='ltr'><strong>hac</strong></span> <span class='ocrx_word' id='word_1_106' title='bbox 1032 1367 1094 1440; x_wconf 92' lang='lat' dir='ltr'><strong>epi-</strong></span> 
     </span>
     <span class='ocr_line' id='line_1_15' title="bbox 77 1453 1095 1530; baseline -0.003 -15"><span class='ocrx_word' id='word_1_107' title='bbox 77 1457 159 1517; x_wconf 88' lang='lat' dir='ltr'><strong>stula</strong></span> <span class='ocrx_word' id='word_1_108' title='bbox 187 1473 247 1513; x_wconf 91' lang='lat' dir='ltr'><strong>non</strong></span> <span class='ocrx_word' id='word_1_109' title='bbox 278 1472 376 1529; x_wconf 90' lang='lat' dir='ltr'><strong>pauca</strong></span> <span class='ocrx_word' id='word_1_110' title='bbox 406 1453 539 1530; x_wconf 87' lang='lat' dir='ltr'><strong>vulgaris</strong></span> <span class='ocrx_word' id='word_1_111' title='bbox 571 1456 715 1512; x_wconf 90' lang='lat' dir='ltr'><strong>sermonis</strong></span> <span class='ocrx_word' id='word_1_112' title='bbox 752 1455 886 1530; x_wconf 82' lang='lat' dir='ltr'><strong>exempla</strong></span> <span class='ocrx_word' id='word_1_113' title='bbox 918 1457 1095 1528; x_wconf 82' lang='lat' dir='ltr'><strong>invenimus,</strong></span> 
     </span>
     <span class='ocr_line' id='line_1_16' title="bbox 79 1543 1095 1622; baseline -0.001 -19"><span class='ocrx_word' id='word_1_114' title='bbox 79 1564 156 1622; x_wconf 90' lang='lat' dir='ltr'><strong>quae</strong></span> <span class='ocrx_word' id='word_1_115' title='bbox 183 1546 215 1602; x_wconf 91' lang='lat' dir='ltr'><strong>in</strong></span> <span class='ocrx_word' id='word_1_116' title='bbox 237 1543 362 1619; x_wconf 90' lang='lat' dir='ltr'><strong>Epicuri</strong></span> <span class='ocrx_word' id='word_1_117' title='bbox 389 1543 508 1617; x_wconf 87' lang='lat' dir='ltr'><strong>scriptis</strong></span> <span class='ocrx_word' id='word_1_118' title='bbox 530 1561 591 1601; x_wconf 93' lang='lat' dir='ltr'><strong>non</strong></span> <span class='ocrx_word' id='word_1_119' title='bbox 613 1543 768 1620; x_wconf 85' lang='lat' dir='ltr'><strong>leguntur,</strong></span> <span class='ocrx_word' id='word_1_120' title='bbox 791 1544 847 1602; x_wconf 94' lang='lat' dir='ltr'><strong>hoc</strong></span> <span class='ocrx_word' id='word_1_121' title='bbox 871 1544 991 1619; x_wconf 90' lang='lat' dir='ltr'><strong>quidem</strong></span> <span class='ocrx_word' id='word_1_122' title='bbox 1015 1547 1095 1602; x_wconf 90' lang='lat' dir='ltr'><strong>certo</strong></span> 
     </span>
     <span class='ocr_line' id='line_1_17' title="bbox 79 1632 1096 1707; baseline -0.003 -14"><span class='ocrx_word' id='word_1_123' title='bbox 79 1632 277 1693; x_wconf 87' lang='lat' dir='ltr'><strong>demonstrari</strong></span> <span class='ocrx_word' id='word_1_124' title='bbox 304 1651 364 1691; x_wconf 91' lang='lat' dir='ltr'><strong>non</strong></span> <span class='ocrx_word' id='word_1_125' title='bbox 394 1635 505 1707; x_wconf 89' lang='lat' dir='ltr'><strong>potest,</strong></span> <span class='ocrx_word' id='word_1_126' title='bbox 534 1650 600 1690; x_wconf 90' lang='lat' dir='ltr'><strong>eam</strong></span> <span class='ocrx_word' id='word_1_127' title='bbox 627 1632 664 1690; x_wconf 93' lang='lat' dir='ltr'><strong>ab</strong></span> <span class='ocrx_word' id='word_1_128' title='bbox 694 1632 823 1707; x_wconf 81' lang='lat' dir='ltr'><strong>Epicuro</strong></span> <span class='ocrx_word' id='word_1_129' title='bbox 861 1635 989 1692; x_wconf 87' lang='lat' dir='ltr'><strong>alienam</strong></span> <span class='ocrx_word' id='word_1_130' title='bbox 1024 1652 1096 1707; x_wconf 87' lang='lat' dir='ltr'><strong>esse,</strong></span> 
     </span>
     <span class='ocr_line' id='line_1_18' title="bbox 77 1721 1096 1798; baseline -0.004 -15"><span class='ocrx_word' id='word_1_131' title='bbox 77 1725 164 1784; x_wconf 87' lang='lat' dir='ltr'><strong>cuius</strong></span> <span class='ocrx_word' id='word_1_132' title='bbox 191 1741 298 1797; x_wconf 87' lang='lat' dir='ltr'><strong>parum</strong></span> <span class='ocrx_word' id='word_1_133' title='bbox 325 1722 421 1778; x_wconf 86' lang='lat' dir='ltr'><strong>multa</strong></span> <span class='ocrx_word' id='word_1_134' title='bbox 450 1721 627 1779; x_wconf 90' lang='lat' dir='ltr'><strong>documenta</strong></span> <span class='ocrx_word' id='word_1_135' title='bbox 653 1721 738 1780; x_wconf 91' lang='lat' dir='ltr'><strong>nobis</strong></span> <span class='ocrx_word' id='word_1_136' title='bbox 763 1723 877 1781; x_wconf 82' lang='lat' dir='ltr'><strong>tradita</strong></span> <span class='ocrx_word' id='word_1_137' title='bbox 901 1726 982 1797; x_wconf 82' lang='lat' dir='ltr'><strong>sunt,</strong></span> <span class='ocrx_word' id='word_1_138' title='bbox 1007 1742 1096 1798; x_wconf 89' lang='lat' dir='ltr'><strong>quam</strong></span> 
     </span>
     <span class='ocr_line' id='line_1_19' title="bbox 79 1810 1099 1871; baseline 0.001 -1"><span class='ocrx_word' id='word_1_139' title='bbox 79 1816 116 1871; x_wconf 91' lang='lat' dir='ltr'><strong>ut</strong></span> <span class='ocrx_word' id='word_1_140' title='bbox 142 1812 198 1870; x_wconf 89' lang='lat' dir='ltr'><strong>hoe</strong></span> <span class='ocrx_word' id='word_1_141' title='bbox 222 1811 270 1869; x_wconf 84' lang='lat' dir='ltr'><strong>vel</strong></span> <span class='ocrx_word' id='word_1_142' title='bbox 292 1810 367 1868; x_wconf 93' lang='lat' dir='ltr'><strong>illud</strong></span> <span class='ocrx_word' id='word_1_143' title='bbox 396 1810 574 1868; x_wconf 84' lang='lat' dir='ltr'><strong>vocabulum</strong></span> <span class='ocrx_word' id='word_1_144' title='bbox 604 1810 640 1868; x_wconf 93' lang='lat' dir='ltr'><strong>ab</strong></span> <span class='ocrx_word' id='word_1_145' title='bbox 676 1831 709 1871; x_wconf 91' lang='lat' dir='ltr'><strong>eo</strong></span> <span class='ocrx_word' id='word_1_146' title='bbox 738 1814 819 1870; x_wconf 87' lang='lat' dir='ltr'><strong>certa</strong></span> <span class='ocrx_word' id='word_1_147' title='bbox 846 1812 903 1870; x_wconf 88' lang='lat' dir='ltr'><strong>fide</strong></span> <span class='ocrx_word' id='word_1_148' title='bbox 933 1812 1099 1871; x_wconf 88' lang='lat' dir='ltr'><strong>abiudicari</strong></span> 
     </span>
     <span class='ocr_line' id='line_1_20' title="bbox 79 1899 1097 1980; baseline -0.001 -19"><span class='ocrx_word' id='word_1_149' title='bbox 79 1903 183 1978; x_wconf 88' lang='lat' dir='ltr'><strong>possit.</strong></span> <span class='ocrx_word' id='word_1_150' title='bbox 229 1901 297 1976; x_wconf 91' lang='lat' dir='ltr'><strong>plus</strong></span> <span class='ocrx_word' id='word_1_151' title='bbox 325 1905 426 1957; x_wconf 89' lang='lat' dir='ltr'><strong>tamen</strong></span> <span class='ocrx_word' id='word_1_152' title='bbox 453 1899 535 1957; x_wconf 86' lang='lat' dir='ltr'><strong>valet</strong></span> <span class='ocrx_word' id='word_1_153' title='bbox 562 1919 687 1976; x_wconf 85' lang='lat' dir='ltr'><strong>magnus</strong></span> <span class='ocrx_word' id='word_1_154' title='bbox 715 1920 768 1977; x_wconf 90' lang='lat' dir='ltr'><strong>pro</strong></span> <span class='ocrx_word' id='word_1_155' title='bbox 796 1904 860 1959; x_wconf 90' lang='lat' dir='ltr'><strong>tam</strong></span> <span class='ocrx_word' id='word_1_156' title='bbox 889 1903 994 1979; x_wconf 84' lang='lat' dir='ltr'><strong>exiguo</strong></span> <span class='ocrx_word' id='word_1_157' title='bbox 1018 1903 1097 1980; x_wconf 83' lang='lat' dir='ltr'><strong>trag·</strong></span> 
     </span>
     <span class='ocr_line' id='line_1_21' title="bbox 80 1990 1098 2066; baseline 0.001 -17"><span class='ocrx_word' id='word_1_158' title='bbox 80 1993 181 2050; x_wconf 89' lang='lat' dir='ltr'><strong>mento</strong></span> <span class='ocrx_word' id='word_1_159' title='bbox 205 1991 374 2066; x_wconf 72' lang='lat' dir='ltr'><strong>malgerium</strong></span> <span class='ocrx_word' id='word_1_160' title='bbox 397 1991 428 2046; x_wconf 89' lang='lat' dir='ltr'><strong>et</strong></span> <span class='ocrx_word' id='word_1_161' title='bbox 449 1990 613 2046; x_wconf 88' lang='lat' dir='ltr'><strong>recentium</strong></span> <span class='ocrx_word' id='word_1_162' title='bbox 631 2009 738 2049; x_wconf 86' lang='lat' dir='ltr'><strong>vocum</strong></span> <span class='ocrx_word' id='word_1_163' title='bbox 756 2010 904 2064; x_wconf 86' lang='lat' dir='ltr'><strong>numerus,</strong></span> <span class='ocrx_word' id='word_1_164' title='bbox 929 2010 987 2065; x_wconf 92' lang='lat' dir='ltr'><strong>quo</strong></span> <span class='ocrx_word' id='word_1_165' title='bbox 1011 1991 1098 2050; x_wconf 91' lang='lat' dir='ltr'><strong>nimi·</strong></span> 
     </span>
     <span class='ocr_line' id='line_1_22' title="bbox 79 2077 1098 2153; baseline -0.001 -15"><span class='ocrx_word' id='word_1_166' title='bbox 79 2100 147 2138; x_wconf 88' lang='lat' dir='ltr'><strong>rum</strong></span> <span class='ocrx_word' id='word_1_167' title='bbox 181 2077 329 2136; x_wconf 86' lang='lat' dir='ltr'><strong>dubitatio</strong></span> <span class='ocrx_word' id='word_1_168' title='bbox 363 2080 512 2150; x_wconf 83' lang='lat' dir='ltr'><strong>movetur,</strong></span> <span class='ocrx_word' id='word_1_169' title='bbox 549 2098 620 2134; x_wconf 93' lang='lat' dir='ltr'><strong>num</strong></span> <span class='ocrx_word' id='word_1_170' title='bbox 653 2080 799 2153; x_wconf 89' lang='lat' dir='ltr'><strong>epistulae</strong></span> <span class='ocrx_word' id='word_1_171' title='bbox 837 2082 987 2138; x_wconf 87' lang='lat' dir='ltr'><strong>auctorem</strong></span> <span class='ocrx_word' id='word_1_172' title='bbox 1019 2081 1098 2139; x_wconf 91' lang='lat' dir='ltr'><strong>inter</strong></span> 
     </span>
     <span class='ocr_line' id='line_1_23' title="bbox 80 2166 1099 2242; baseline 0 -14"><span class='ocrx_word' id='word_1_173' title='bbox 80 2168 275 2228; x_wconf 83' lang='lat' dir='ltr'><strong>Aristotelem</strong></span> <span class='ocrx_word' id='word_1_174' title='bbox 299 2170 329 2225; x_wconf 92' lang='lat' dir='ltr'><strong>et</strong></span> <span class='ocrx_word' id='word_1_175' title='bbox 352 2166 509 2241; x_wconf 87' lang='lat' dir='ltr'><strong>Polybium</strong></span> <span class='ocrx_word' id='word_1_176' title='bbox 533 2185 641 2240; x_wconf 90' lang='lat' dir='ltr'><strong>ponere</strong></span> <span class='ocrx_word' id='word_1_177' title='bbox 664 2169 820 2242; x_wconf 85' lang='lat' dir='ltr'><strong>possimus.</strong></span> <span class='ocrx_word' id='word_1_178' title='bbox 855 2170 978 2226; x_wconf 88' lang='lat' dir='ltr'><strong>maximi</strong></span> <span class='ocrx_word' id='word_1_179' title='bbox 997 2173 1099 2228; x_wconf 89' lang='lat' dir='ltr'><strong>autem</strong></span> 
     </span>
     <span class='ocr_line' id='line_1_24' title="bbox 80 2254 1098 2335; baseline 0.001 -18"><span class='ocrx_word' id='word_1_180' title='bbox 80 2257 221 2335; x_wconf 89' lang='lat' dir='ltr'><strong>ponderis</strong></span> <span class='ocrx_word' id='word_1_181' title='bbox 246 2261 298 2330; x_wconf 86' lang='lat' dir='ltr'><strong>est,</strong></span> <span class='ocrx_word' id='word_1_182' title='bbox 322 2257 348 2315; x_wconf 90' lang='lat' dir='ltr'><strong>si</strong></span> <span class='ocrx_word' id='word_1_183' title='bbox 371 2258 451 2314; x_wconf 90' lang='lat' dir='ltr'><strong>recte</strong></span> <span class='ocrx_word' id='word_1_184' title='bbox 473 2254 613 2328; x_wconf 85' lang='lat' dir='ltr'><strong>iudicavi,</strong></span> <span class='ocrx_word' id='word_1_185' title='bbox 637 2256 716 2330; x_wconf 93' lang='lat' dir='ltr'><strong>quod</strong></span> <span class='ocrx_word' id='word_1_186' title='bbox 736 2257 806 2315; x_wconf 91' lang='lat' dir='ltr'><strong>huic</strong></span> <span class='ocrx_word' id='word_1_187' title='bbox 829 2257 997 2334; x_wconf 83' lang='lat' dir='ltr'><strong>fragmento</strong></span> <span class='ocrx_word' id='word_1_188' title='bbox 1020 2260 1098 2318; x_wconf 86' lang='lat' dir='ltr'><strong>inest</strong></span> 
     </span>
     <span class='ocr_line' id='line_1_25' title="bbox 82 2343 1099 2422; baseline 0.001 -18"><span class='ocrx_word' id='word_1_189' title='bbox 82 2366 140 2405; x_wconf 83' lang='lat' dir='ltr'><strong>vox</strong></span> <span class='ocrx_word' id='word_1_190' title='bbox 168 2365 202 2404; x_wconf 84' lang='lat' dir='ltr'><strong>ex</strong></span> <span class='ocrx_word' id='word_1_191' title='bbox 231 2344 397 2404; x_wconf 86' lang='lat' dir='ltr'><strong>Stoicorum</strong></span> <span class='ocrx_word' id='word_1_192' title='bbox 426 2343 545 2402; x_wconf 88' lang='lat' dir='ltr'><strong>officina</strong></span> <span class='ocrx_word' id='word_1_193' title='bbox 573 2348 647 2403; x_wconf 77' lang='lat' dir='ltr'><strong>orta.</strong></span> <span class='ocrx_word' id='word_1_194' title='bbox 693 2347 795 2420; x_wconf 90' lang='lat' dir='ltr'><strong>itaque</strong></span> <span class='ocrx_word' id='word_1_195' title='bbox 825 2347 910 2404; x_wconf 89' lang='lat' dir='ltr'><strong>nulla</strong></span> <span class='ocrx_word' id='word_1_196' title='bbox 933 2350 978 2404; x_wconf 92' lang='lat' dir='ltr'><strong>est</strong></span> <span class='ocrx_word' id='word_1_197' title='bbox 1001 2366 1099 2422; x_wconf 87' lang='lat' dir='ltr'><strong>causa,</strong></span> 
     </span>
     <span class='ocr_line' id='line_1_26' title="bbox 80 2433 667 2510; baseline -0.007 -16"><span class='ocrx_word' id='word_1_198' title='bbox 80 2455 136 2494; x_wconf 91' lang='lat' dir='ltr'><strong>our</strong></span> <span class='ocrx_word' id='word_1_199' title='bbox 158 2436 231 2494; x_wconf 91' lang='lat' dir='ltr'><strong>haec</strong></span> <span class='ocrx_word' id='word_1_200' title='bbox 254 2434 383 2510; x_wconf 89' lang='lat' dir='ltr'><strong>epistula</strong></span> <span class='ocrx_word' id='word_1_201' title='bbox 405 2434 452 2492; x_wconf 91' lang='lat' dir='ltr'><strong>illi</strong></span> <span class='ocrx_word' id='word_1_202' title='bbox 476 2433 667 2492; x_wconf 85' lang='lat' dir='ltr'><strong>attribuatur.</strong></span> 
     </span>
    </p>

    <p class='ocr_par' dir='ltr' id='par_1_3' title="bbox 83 2523 1103 3490">
     <span class='ocr_line' id='line_1_27' title="bbox 152 2523 1099 2601; baseline 0.001 -19"><span class='ocrx_word' id='word_1_203' title='bbox 152 2523 210 2582; x_wconf 81' lang='lat' dir='ltr'><strong>Sed</strong></span> <span class='ocrx_word' id='word_1_204' title='bbox 232 2525 324 2582; x_wconf 87' lang='lat' dir='ltr'><strong>etiam</strong></span> <span class='ocrx_word' id='word_1_205' title='bbox 353 2525 562 2598; x_wconf 86' lang='lat' dir='ltr'><strong>argumentum</strong></span> <span class='ocrx_word' id='word_1_206' title='bbox 584 2524 731 2597; x_wconf 89' lang='lat' dir='ltr'><strong>epistulae</strong></span> <span class='ocrx_word' id='word_1_207' title='bbox 759 2544 818 2582; x_wconf 90' lang='lat' dir='ltr'><strong>nou</strong></span> <span class='ocrx_word' id='word_1_208' title='bbox 843 2525 915 2582; x_wconf 89' lang='lat' dir='ltr'><strong>satis</strong></span> <span class='ocrx_word' id='word_1_209' title='bbox 939 2544 1099 2601; x_wconf 84' lang='lat' dir='ltr'><strong>congruere</strong></span> 
     </span>
     <span class='ocr_line' id='line_1_28' title="bbox 83 2611 1099 2687; baseline 0 -14"><span class='ocrx_word' id='word_1_210' title='bbox 83 2613 203 2673; x_wconf 83' lang='lat' dir='ltr'><strong>videtur</strong></span> <span class='ocrx_word' id='word_1_211' title='bbox 225 2614 272 2686; x_wconf 86' lang='lat' dir='ltr'><strong>iis,</strong></span> <span class='ocrx_word' id='word_1_212' title='bbox 297 2631 372 2687; x_wconf 89' lang='lat' dir='ltr'><strong>quae</strong></span> <span class='ocrx_word' id='word_1_213' title='bbox 397 2612 432 2670; x_wconf 91' lang='lat' dir='ltr'><strong>de</strong></span> <span class='ocrx_word' id='word_1_214' title='bbox 450 2611 624 2686; x_wconf 89' lang='lat' dir='ltr'><strong>parentibus</strong></span> <span class='ocrx_word' id='word_1_215' title='bbox 643 2613 767 2687; x_wconf 85' lang='lat' dir='ltr'><strong>Epicuri</strong></span> <span class='ocrx_word' id='word_1_216' title='bbox 785 2613 870 2672; x_wconf 90' lang='lat' dir='ltr'><strong>nobis</strong></span> <span class='ocrx_word' id='word_1_217' title='bbox 890 2615 1003 2672; x_wconf 85' lang='lat' dir='ltr'><strong>tradita</strong></span> <span class='ocrx_word' id='word_1_218' title='bbox 1023 2620 1099 2673; x_wconf 89' lang='lat' dir='ltr'><strong>sunt.</strong></span> 
     </span>
     <span class='ocr_line' id='line_1_29' title="bbox 83 2694 1100 2783; baseline 0.002 -23"><span class='ocrx_word' id='word_1_219' title='bbox 83 2723 155 2761; x_wconf 92' lang='lat' dir='ltr'><strong>nam</strong></span> <span class='ocrx_word' id='word_1_220' title='bbox 178 2701 324 2778; x_wconf 88' lang='lat' dir='ltr'><strong>epistulae</strong></span> <span class='ocrx_word' id='word_1_221' title='bbox 349 2704 453 2759; x_wconf 88' lang='lat' dir='ltr'><strong>auctor</strong></span> <span class='ocrx_word' id='word_1_222' title='bbox 480 2701 584 2759; x_wconf 85' lang='lat' dir='ltr'><strong>scribit</strong></span> <span class='ocrx_word' id='word_1_223' title='bbox 611 2702 646 2759; x_wconf 90' lang='lat' dir='ltr'><strong>fr.</strong></span> <span class='ocrx_word' id='word_1_224' title='bbox 670 2701 768 2759; x_wconf 85' lang='lat' dir='ltr'>LXIV</span> <span class='ocrx_word' id='word_1_225' title='bbox 788 2694 876 2781; x_wconf 83' lang='lat' dir='ltr'><strong>(Heb.</strong></span> <span class='ocrx_word' id='word_1_226' title='bbox 901 2706 930 2761; x_wconf 93' lang='lat' dir='ltr'><strong>et</strong></span> <span class='ocrx_word' id='word_1_227' title='bbox 953 2703 1020 2762; x_wconf 89' lang='lat' dir='ltr'><strong>Kal.</strong></span> <span class='ocrx_word' id='word_1_228' title='bbox 1044 2696 1100 2783; x_wconf 82' lang='lat'><strong>23)</strong></span> 
     </span>
     <span class='ocr_line' id='line_1_30' title="bbox 84 2782 1100 2871; baseline 0 -21"><span class='ocrx_word' id='word_1_229' title='bbox 84 2792 186 2850; x_wconf 83' lang='lat' dir='ltr'><strong>colll</strong></span> <span class='ocrx_word' id='word_1_230' title='bbox 208 2794 346 2864; x_wconf 86' lang='lat' dir='ltr'><strong>v.1sqq.</strong></span> <span class='ocrx_word' id='word_1_231' title='bbox 371 2793 401 2848; x_wconf 94' lang='lat' dir='ltr'><strong>et</strong></span> <span class='ocrx_word' id='word_1_232' title='bbox 425 2789 540 2848; x_wconf 87' lang='lat' dir='ltr'><strong>ool.HI</strong></span> <span class='ocrx_word' id='word_1_233' title='bbox 559 2782 647 2871; x_wconf 83' lang='lat' dir='ltr'><strong>(Heb.</strong></span> <span class='ocrx_word' id='word_1_234' title='bbox 672 2793 703 2850; x_wconf 91' lang='lat' dir='ltr'><strong>et</strong></span> <span class='ocrx_word' id='word_1_235' title='bbox 725 2791 792 2849; x_wconf 89' lang='lat' dir='ltr'><strong>Kal.</strong></span> <span class='ocrx_word' id='word_1_236' title='bbox 816 2792 851 2849; x_wconf 90' lang='lat' dir='ltr'><strong>fr.</strong></span> <span class='ocrx_word' id='word_1_237' title='bbox 869 2784 924 2870; x_wconf 81' lang='lat'><strong>24)</strong></span> <span class='ocrx_word' id='word_1_238' title='bbox 953 2813 980 2852; x_wconf 89' lang='lat' dir='ltr'><strong>v.</strong></span> <span class='ocrx_word' id='word_1_239' title='bbox 1006 2797 1100 2868; x_wconf 80' lang='lat' dir='ltr'><strong>2sqq.</strong></span> 
     </span>
     <span class='ocr_line' id='line_1_31' title="bbox 84 2871 1102 2960; baseline 0.001 -21"><span class='ocrx_word' id='word_1_240' title='bbox 84 2881 141 2940; x_wconf 88' lang='lat' dir='ltr'><strong>sibi</strong></span> <span class='ocrx_word' id='word_1_241' title='bbox 169 2883 314 2956; x_wconf 85' lang='lat' dir='ltr'><strong>perpetuo</strong></span> <span class='ocrx_word' id='word_1_242' title='bbox 343 2871 520 2960; x_wconf 80' lang='grc' dir='ltr'>(συνεχῶς)</span> <span class='ocrx_word' id='word_1_243' title='bbox 549 2899 566 2937; x_wconf 89' lang='lat' dir='ltr'><strong>a</strong></span> <span class='ocrx_word' id='word_1_244' title='bbox 598 2884 693 2938; x_wconf 87' lang='lat' dir='ltr'><strong>matre</strong></span> <span class='ocrx_word' id='word_1_245' title='bbox 726 2884 756 2938; x_wconf 85' lang='lat' dir='ltr'><strong>et</strong></span> <span class='ocrx_word' id='word_1_246' title='bbox 784 2901 802 2938; x_wconf 94' lang='lat' dir='ltr'><strong>a</strong></span> <span class='ocrx_word' id='word_1_247' title='bbox 829 2884 914 2956; x_wconf 87' lang='lat' dir='ltr'><strong>patre</strong></span> <span class='ocrx_word' id='word_1_248' title='bbox 943 2884 1102 2957; x_wconf 90' lang='lat' dir='ltr'><strong>pecuniam</strong></span> 
     </span>
     <span class='ocr_line' id='line_1_32' title="bbox 85 2968 1102 3046; baseline 0.002 -18"><span class='ocrx_word' id='word_1_249' title='bbox 85 2971 175 3028; x_wconf 90' lang='lat' dir='ltr'><strong>mitti.</strong></span> <span class='ocrx_word' id='word_1_250' title='bbox 227 2969 279 3026; x_wconf 92' lang='lat' dir='ltr'><strong>sed</strong></span> <span class='ocrx_word' id='word_1_251' title='bbox 306 2968 430 3044; x_wconf 91' lang='lat' dir='ltr'><strong>Epicuri</strong></span> <span class='ocrx_word' id='word_1_252' title='bbox 457 2971 595 3043; x_wconf 87' lang='lat' dir='ltr'><strong>parentes</strong></span> <span class='ocrx_word' id='word_1_253' title='bbox 623 2989 695 3026; x_wconf 88' lang='lat' dir='ltr'><strong>num</strong></span> <span class='ocrx_word' id='word_1_254' title='bbox 727 2971 820 3028; x_wconf 87' lang='lat' dir='ltr'><strong>tantis</strong></span> <span class='ocrx_word' id='word_1_255' title='bbox 848 2970 953 3045; x_wconf 88' lang='lat' dir='ltr'><strong>opibus</strong></span> <span class='ocrx_word' id='word_1_256' title='bbox 981 2973 1102 3046; x_wconf 83' lang='lat' dir='ltr'><strong>fuerint,</strong></span> 
     </span>
     <span class='ocr_line' id='line_1_33' title="bbox 85 3053 1102 3142; baseline 0.002 -26"><span class='ocrx_word' id='word_1_257' title='bbox 85 3059 173 3117; x_wconf 88' lang='lat' dir='ltr'><strong>valde</strong></span> <span class='ocrx_word' id='word_1_258' title='bbox 202 3058 333 3116; x_wconf 85' lang='lat' dir='ltr'><strong>dubitari</strong></span> <span class='ocrx_word' id='word_1_259' title='bbox 359 3059 467 3133; x_wconf 90' lang='lat' dir='ltr'><strong>potest.</strong></span> <span class='ocrx_word' id='word_1_260' title='bbox 525 3057 667 3134; x_wconf 90' lang='lat' dir='ltr'><strong>Diogenis</strong></span> <span class='ocrx_word' id='word_1_261' title='bbox 699 3059 818 3132; x_wconf 88' lang='lat' dir='ltr'><strong>quidem</strong></span> <span class='ocrx_word' id='word_1_262' title='bbox 846 3059 960 3118; x_wconf 86' lang='lat' dir='ltr'><strong>Laertii</strong></span> <span class='ocrx_word' id='word_1_263' title='bbox 987 3053 1042 3142; x_wconf 85' lang='lat' dir='ltr'><strong>(X,</strong></span> <span class='ocrx_word' id='word_1_264' title='bbox 1067 3054 1102 3141; x_wconf 81' lang='lat'><strong>4)</strong></span> 
     </span>
     <span class='ocr_line' id='line_1_34' title="bbox 86 3146 1103 3225; baseline 0 -18"><span class='ocrx_word' id='word_1_265' title='bbox 86 3147 214 3207; x_wconf 89' lang='lat' dir='ltr'><strong>testibus</strong></span> <span class='ocrx_word' id='word_1_266' title='bbox 238 3149 263 3204; x_wconf 92' lang='lat' dir='ltr'><strong>si</strong></span> <span class='ocrx_word' id='word_1_267' title='bbox 285 3146 373 3205; x_wconf 91' lang='lat' dir='ltr'><strong>fidem</strong></span> <span class='ocrx_word' id='word_1_268' title='bbox 387 3146 538 3220; x_wconf 88' lang='lat' dir='ltr'><strong>habemus,</strong></span> <span class='ocrx_word' id='word_1_269' title='bbox 557 3147 704 3222; x_wconf 80' lang='lat' dir='ltr'><strong>Epicurus</strong></span> <span class='ocrx_word' id='word_1_270' title='bbox 728 3149 758 3206; x_wconf 91' lang='lat' dir='ltr'><strong>et</strong></span> <span class='ocrx_word' id='word_1_271' title='bbox 776 3151 893 3223; x_wconf 88' lang='lat' dir='ltr'><strong>patrem</strong></span> <span class='ocrx_word' id='word_1_272' title='bbox 915 3168 970 3224; x_wconf 91' lang='lat' dir='ltr'><strong>pro</strong></span> <span class='ocrx_word' id='word_1_273' title='bbox 994 3153 1103 3225; x_wconf 84' lang='lat' dir='ltr'><strong>exigua</strong></span> 
     </span>
     <span class='ocr_line' id='line_1_35' title="bbox 86 3235 1103 3311; baseline 0.002 -16"><span class='ocrx_word' id='word_1_274' title='bbox 86 3236 220 3295; x_wconf 90' lang='lat' dir='ltr'><strong>mercede</strong></span> <span class='ocrx_word' id='word_1_275' title='bbox 243 3254 350 3310; x_wconf 90' lang='lat' dir='ltr'><strong>pueros</strong></span> <span class='ocrx_word' id='word_1_276' title='bbox 373 3236 527 3295; x_wconf 88' lang='lat' dir='ltr'><strong>docentem</strong></span> <span class='ocrx_word' id='word_1_277' title='bbox 551 3239 581 3295; x_wconf 93' lang='lat' dir='ltr'><strong>et</strong></span> <span class='ocrx_word' id='word_1_278' title='bbox 599 3239 726 3294; x_wconf 91' lang='lat' dir='ltr'><strong>matrem</strong></span> <span class='ocrx_word' id='word_1_279' title='bbox 744 3235 927 3311; x_wconf 87' lang='grc' dir='ltr'>καθαρμοὺς</span> <span class='ocrx_word' id='word_1_280' title='bbox 948 3243 1103 3297; x_wconf 89' lang='lat' dir='ltr'><strong>canentem</strong></span> 
     </span>
     <span class='ocr_line' id='line_1_36' title="bbox 85 3324 1102 3401; baseline 0.002 -17"><span class='ocrx_word' id='word_1_281' title='bbox 85 3324 257 3398; x_wconf 82' lang='lat' dir='ltr'><strong>adiuvabat,</strong></span> <span class='ocrx_word' id='word_1_282' title='bbox 281 3327 315 3382; x_wconf 93' lang='lat' dir='ltr'><strong>ut</strong></span> <span class='ocrx_word' id='word_1_283' title='bbox 337 3344 479 3400; x_wconf 87' lang='lat' dir='ltr'><strong>perquam</strong></span> <span class='ocrx_word' id='word_1_284' title='bbox 500 3327 639 3385; x_wconf 89' lang='lat' dir='ltr'><strong>miseram</strong></span> <span class='ocrx_word' id='word_1_285' title='bbox 663 3327 754 3384; x_wconf 87' lang='lat' dir='ltr'><strong>fuisse</strong></span> <span class='ocrx_word' id='word_1_286' title='bbox 773 3330 932 3401; x_wconf 88' lang='lat' dir='ltr'><strong>pareutum</strong></span> <span class='ocrx_word' id='word_1_287' title='bbox 956 3329 1102 3386; x_wconf 53' lang='lat' dir='ltr'><strong>condicio*</strong></span> 
     </span>
     <span class='ocr_line' id='line_1_37' title="bbox 87 3414 443 3490; baseline 0 -18"><span class='ocrx_word' id='word_1_288' title='bbox 87 3435 154 3473; x_wconf 90' lang='lat' dir='ltr'><strong>nem</strong></span> <span class='ocrx_word' id='word_1_289' title='bbox 179 3415 318 3490; x_wconf 88' lang='lat' dir='ltr'><strong>cognosci</strong></span> <span class='ocrx_word' id='word_1_290' title='bbox 340 3414 443 3488; x_wconf 89' lang='lat' dir='ltr'><strong>possit.</strong></span> 
     </span>
    </p>

    <p class='ocr_par' dir='ltr' id='par_1_4' title="bbox 155 3503 1132 3579">
     <span class='ocr_line' id='line_1_38' title="bbox 155 3503 1132 3579; baseline -0.011 -18"><span class='ocrx_word' id='word_1_291' title='bbox 155 3503 262 3579; x_wconf 89' lang='lat' dir='ltr'><strong>Itaque</strong></span> <span class='ocrx_word' id='word_1_292' title='bbox 284 3504 358 3562; x_wconf 92' lang='lat' dir='ltr'><strong>haec</strong></span> <span class='ocrx_word' id='word_1_293' title='bbox 381 3505 510 3578; x_wconf 91' lang='lat' dir='ltr'><strong>epistula</strong></span> <span class='ocrx_word' id='word_1_294' title='bbox 538 3522 605 3563; x_wconf 90' lang='lat' dir='ltr'><strong>cum</strong></span> <span class='ocrx_word' id='word_1_295' title='bbox 629 3504 666 3562; x_wconf 92' lang='lat' dir='ltr'><strong>ab</strong></span> <span class='ocrx_word' id='word_1_296' title='bbox 685 3505 814 3579; x_wconf 91' lang='lat' dir='ltr'><strong>Epicuro</strong></span> <span class='ocrx_word' id='word_1_297' title='bbox 838 3505 960 3576; x_wconf 72' lang='lat' dir='ltr'><strong>scripta</strong></span> <span class='ocrx_word' id='word_1_298' title='bbox 976 3521 1051 3556; x_wconf 71' lang='lat' dir='ltr'><strong>nan</strong></span> <span class='ocrx_word' id='word_1_299' title='bbox 1069 3505 1132 3562; x_wconf 56' lang='lat' dir='ltr'><strong>exn„</strong></span> 
     </span>
    </p>
   </div>
   <div class='ocr_carea' id='block_1_3' title="bbox 0 0 1237 3840">
    <p class='ocr_par' dir='ltr' id='par_1_5' title="bbox 0 0 1237 3840">
     <span class='ocr_line' id='line_1_39' title="bbox 0 0 1237 3840; baseline 0 0"><span class='ocrx_word' id='word_1_300' title='bbox 0 0 1237 3840; x_wconf 95' lang='lat' dir='ltr'><strong> </strong></span> 
     </span>
    </p>
   </div>
  </div>
 </body>
</html>
