2430 3840
484 169 701 232 ,79-

82 337 114 387 ut
143 333 184 387 ait
210 331 362 400 Epicurus,
391 332 461 384 κατὰ
488 331 537 395 μὲν
565 330 599 382 τό
631 330 702 396 πρός
734 332 806 395 ἡμᾶς
834 331 998 396 τηλικοῦτόν
1027 330 1103 382 ἐστιν

82 407 179 472 ἡλίκον
216 404 357 470 φαίνεται,
400 403 469 454 κατὰ
507 403 536 455 όὲ
569 402 602 453 τό
635 400 697 454 καθ’
729 402 798 454 αὑτό
832 403 894 466 ἤτοι
928 403 1020 466 μεῖζον
1052 404 1103 453 τοῦ

82 478 228 544 ὁρωμένου
257 477 274 541 ἢ
300 478 387 542 μικρῷ
412 475 528 526 ἔλαττον
552 475 569 539 ἢ
593 475 759 538 τηλικοῦτον
782 474 921 538 τυγχάνει.
960 471 1009 524 sed
1035 471 1104 539 quid

82 548 136 600 hoe
155 549 206 613 est,
226 545 303 616 quod
322 563 345 597 v.
361 550 377 597 8
396 543 424 598 le
444 543 526 609 imus,
545 560 596 596 nos
616 542 707 596 visum
726 543 792 596 selis
811 544 915 609 videre,
936 560 992 596 non
1012 543 1104 610 ipsum

85 617 186 683 solem,
216 633 280 671 eum
303 615 374 669 talia
397 615 478 669 nois
501 615 532 667 in
551 613 665 682 Epicuri
689 615 817 668 doctrina
841 614 911 668 alias
933 631 990 668 non
1010 630 1105 668 oecur-

85 691 167 744 rant?
205 690 281 756 (nam
300 687 378 740 aliud
397 689 453 754 est,
480 686 556 754 quod
575 686 671 752 docet,
690 702 741 740 nos
764 704 814 754 per
833 685 982 739 simulacra
1000 703 1044 738 res
1064 684 1105 737 vi-

85 762 170 830 dere).
208 762 236 812 et
255 759 395 828 quemodo
423 775 487 811 eum
506 757 620 826 Epicuri
640 757 788 811 sententiis
812 758 943 828 congruit
961 776 985 810 v.
1002 761 1105 825 esqqf?

85 831 226 901 quomodo
246 831 321 884 enim
341 829 396 897 sol,
425 829 449 882 si
464 832 526 883 tam
546 829 660 882 humilis
685 831 728 882 est
751 847 836 896 quam
854 829 974 896 videtur,
1003 831 1106 881 terram

86 904 248 958 comburere
266 903 373 970 potest,
403 901 426 954 si
446 900 561 969 quidem
579 902 677 954 tantus
696 903 747 966 est,
766 904 888 968 quantus
908 917 968 954 esse
986 900 1106 962 videtur,

86 976 116 1029 id
140 969 189 1028 est
206 973 366 1042 bipedalem
391 975 504 1026 tantum
529 971 572 1025 vel
595 989 652 1025 non
675 972 764 1026 multe
788 973 879 1026 maius
900 973 988 1041 (Luer.
1005 971 1106 1040 Vter)

86 1047 209 1116 spatium
233 1044 469 1113 comprehendat?
505 1060 619 1111 prorsus
638 1060 653 1096 e
673 1044 811 1097 contrario
829 1044 974 1112 Epicureis
993 1060 1107 1097 neeesse

87 1135 146 1173 esse
170 1117 319 1171 videbatur
343 1116 502 1182 estendere,
527 1116 666 1182 quomedo
690 1117 817 1170 matulae
839 1117 885 1170 ille
907 1116 948 1170 sel
972 1116 1107 1168 mundum

87 1189 193 1244 lumine
217 1190 246 1242 et
269 1188 361 1242 calere
380 1186 520 1255 complere
539 1189 635 1254 posset
654 1186 713 1254 (efr.
728 1187 808 1241 Lucr.
825 1187 1025 1256 veae—613).
1061 1186 1109 1239 vix

87 1261 185 1315 credas
200 1260 355 1328 Diogenem
375 1258 456 1312 nobis
471 1274 565 1311 veram
579 1257 694 1325 Epicuri
708 1259 877 1312 sententiam
890 1260 1009 1313 tradere.
1038 1257 1109 1310 mihi

88 1332 204 1402 quidem
222 1331 275 1384 hec
293 1331 418 1384 videtur:
438 1329 575 1398 Epicurus
595 1347 659 1382 eum
678 1329 762 1382 {idem
782 1347 913 1384 sensuum
927 1346 1035 1383 servare
1050 1332 1110 1382 stu-

88 1405 175 1470 deret,
196 1403 269 1456 sicut
288 1402 323 1456 de
341 1401 539 1470 magnitudine
558 1400 624 1454 selis
645 1400 786 1468 duplicem
805 1402 924 1469 protulit
941 1401 1110 1455 sententiam

89 1475 148 1545 (cfr.
165 1477 268 1544 supra),
287 1473 329 1526 ita
348 1472 514 1526 distantiam
534 1489 645 1540 quoque
665 1473 723 1544 eius
744 1473 816 1526 dixit
835 1476 905 1527 κατὰ
925 1476 975 1539 μὲν
989 1475 1022 1527 τό
1040 1475 1111 1541 πρὸς

88 1551 163 1614 ἡμᾶς
194 1548 305 1599 tantam
338 1560 397 1598 esse
430 1548 536 1612 quanta
564 1544 714 1612 videretur,
743 1547 813 1599 κατὰ
844 1548 874 1600 δὲ
893 1548 926 1600 τό
955 1546 1016 1599 καθ’
1039 1547 1110 1598 αὑτό

89 1618 210 1671 fortasse
228 1616 371 1670 maiorem.
410 1616 485 1684 qued
509 1632 526 1669 a
546 1614 671 1685 Diogene
690 1616 731 1670 ita
750 1615 927 1671 intellectum
946 1619 1001 1681 eet,
1029 1616 1110 1684 quasi

91 1689 198 1742 diceret
216 1688 275 1754 ille,
294 1688 370 1755 quod
389 1687 504 1755 quidem
523 1704 573 1741 nes
592 1687 750 1742 videremus
769 1690 882 1742 tantum
901 1688 1007 1741 distare
1022 1703 1110 1754 quen-

91 1764 153 1814 tum
170 1759 321 1826 videretur,
341 1758 427 1813 selom
446 1759 540 1828 ipsum
559 1761 667 1824 autem,
692 1776 776 1827 quem
794 1777 850 1814 nen
869 1760 1041 1825 videremus,
1069 1775 1111 1812 re-

91 1847 157 1884 vere
184 1830 273 1884 multo
301 1829 407 1884 meiere
436 1831 528 1899 spatie
555 1830 661 1886 abesse.
704 1832 757 1886 hee
782 1849 845 1885 cum
868 1831 910 1885 ita
932 1831 1112 1900 intellegeret

92 1902 245 1971 Diogenes,
273 1901 371 1955 statim
389 1903 471 1955 finxit
488 1902 615 1970 ineptam
633 1919 761 1968 causam,
790 1921 840 1957 cur
859 1903 900 1958 sel
919 1905 978 1956 tam
997 1901 1111 1957 humilis

93 1989 154 2027 esse
182 1989 238 2026 nen
265 1975 368 2040 posset.
414 1973 533 2026 fortasse
566 1974 653 2028 etiam
685 1974 815 2028 meminit
830 1975 895 2037 -Em
915 1974 1048 2041 >edooleee
1077 1973 1113 2028 de

94 2044 263 2112 duplicitate
282 2042 349 2096 solis
369 2045 513 2098 doetrinae
533 2046 645 2098 21A56
671 2045 761 2100 Vere¹
781 1993 928 2112 lomi).

165 2120 218 2167 v.8
237 2116 380 2182 ἀπόφασις
394 2114 547 2169 insolenter
562 2116 668 2169 dietum
688 2135 739 2185 pro
757 2120 841 2184 φάσις
855 2117 899 2170 vel
913 2120 1012 2185 φάσμα
1032 2116 1113 2184 quasi

13 2234 16 2239 ,
113 2190 158 2242 Ab
177 2189 266 2242 laec.

95 2231 111 2256 ”
158 2205 190 2311 ⁹v.
207 2264 239 2311 11
261 2259 304 2324 ομ
322 2274 373 2325 pro
393 2259 455 2324 οομ
474 2257 522 2311 cfr.
543 2257 633 2311 Praei.
652 2277 679 2326 p.
695 2259 805 2314 xxxv.

166 2336 242 2383 v.14
270 2333 391 2384 καὶτῶν
411 2331 526 2397 ἑφεξῆς,
554 2330 572 2384 i.
593 2347 615 2382 e.
636 2331 670 2383 de
690 2331 801 2384 defectu
821 2331 887 2384 selis
907 2333 936 2386 et
953 2331 1050 2398 lunae,
1079 2331 1114 2384 de

97 2403 206 2456 dierum
225 2403 254 2454 et
272 2400 398 2454 noctium
416 2401 494 2454 varia
513 2401 698 2470 longitudine,
718 2419 790 2470 quae
809 2421 826 2456 a
842 2403 958 2457 Lucr.V
973 2407 1115 2456 eor—7⁷0

97 2477 125 2529 et
144 2473 180 2527 ab
199 2472 320 2542 Epicure
340 2489 382 2540 ep.
401 2472 428 2525 ll
443 2477 476 2525 90
487 2490 545 2541 sqq.
565 2475 688 2526 tractata
707 2475 779 2527 sunt.

169 2544 220 2599 col.
235 2544 275 2598 ΠΙ
293 2562 316 2597 ν.
333 2545 431 2614 2sqq.]
459 2545 642 2612 praeceptum
669 2545 705 2599 ab
724 2545 844 2615 Epicuro
868 2564 911 2614 ep.
931 2546 992 2599 Ire
1003 2563 1063 2614 sqq.
1087 2547 1116 2599 et

96 2618 127 2670 in
155 2617 277 2670 secunda
305 2615 428 2684 epistula
451 2615 562 2683 saepius
589 2616 743 2684 repetitum
766 2615 864 2686 (1187,
885 2624 944 2684 104,
965 2622 1024 2682 113,
1045 2620 1116 2686 114),

99 2688 147 2742 eir.
168 2691 196 2742 et
215 2686 331 2741 Lucr.V
350 2705 373 2741 v.
390 2692 539 2741 sao-533.

169 2778 193 2813 v.
210 2766 296 2827 osqq.
326 2758 460 2813 obscurus
485 2760 513 2812 et
538 2760 681 2814 contortus
710 2761 753 2814 eet
776 2778 874 2815 sermo.
912 2762 1117 2828 ἀποφαίνεσθαι

99 2831 162 2897 περί
186 2849 261 2896 τινος
287 2848 350 2884 eum
377 2831 517 2901 significet
539 2833 700 2886 sententiam
726 2833 812 2886 dicem
835 2835 867 2887 de
890 2834 987 2901 aliqua
1004 2849 1041 2898 re,
1064 2848 1117 2885 vox

101 2903 357 2984 καταποφαίνεσθαι
374 2902 475 3028 getiam
503 2902 640 2956 maiorem
663 2903 720 2956 vim
747 2903 834 3027 hqbet
856 2905 984 2974 graviter,
1010 2905 1119 2970 fortiter
1166 2890 1181 2945 Ῠ

99 2979 260 3026 sententiam
277 2991 357 3027 eoem
395 2977 464 3029 icere
482 2975 563 3042 quasi
581 2991 638 3028 una
657 2992 722 3028 vera
746 2975 796 3049 οἰός
823 2978 890 3044 (qua
911 2975 1117 3046 significatione
1181 2977 1185 2989 ¹

101 3043 171 3096 haee
189 3060 242 3096 vox
261 3044 331 3097 alibi
351 3049 460 3100 exstare
479 3063 535 3100 nen
554 3045 685 3115 videtur).
724 3049 753 3100 et
776 3048 812 3100 ad
835 3047 920 3102 verba
944 3053 1007 3116 περὶ
1034 3047 1118 3101 τοῡόὲ

100 3133 176 3179 τινος
200 3116 234 3183 (ν.
250 3118 276 3184 ό)
300 3117 457 3184 supplenda
486 3121 528 3172 est
546 3135 599 3171 vox
617 3120 732 3186 τρόπου.
775 3121 915 3174 structura
938 3119 1027 3190 igitur
1048 3119 1119 3170 haee

103 3189 157 3240 est:
177 3188 265 3240 ἐκεῖνο
284 3191 443 3255 προθέντες,
472 3192 515 3244 ότι
533 3192 674 3258 τολμηρόν
693 3190 776 3259 (ἐστί)
795 3193 845 3245 τόν
864 3193 1003 3260 ζητοῦντά
1017 3209 1043 3245 τι
1057 3193 1119 3256 περὶ

101 3264 160 3313 τῶν
180 3259 301 3324 ἀδήλων,
321 3261 355 3311 ἂν
374 3263 459 3328 βλέπη
479 3265 546 3327 τοὺς
563 3267 615 3316 τοῦ
633 3265 755 3316 δυνατοῦ
769 3264 892 3330 τρόπους
905 3265 1042 3330 πλείονας,
1057 3264 1120 3328 περὶ

102 3332 185 3384 τοῦόέ
203 3347 279 3394 τινος
302 3332 433 3399 (τρόπου)
454 3335 541 3398 μόνου
560 3335 826 3402 καταποφαίνεσθαι,
855 3335 930 3404 quod
950 3337 1009 3388 este
1034 3335 1117 3388 auda-

103 3402 143 3454 cis
163 3403 217 3467 est,
244 3403 426 3468 quaerentem
450 3402 558 3471 aliquid
581 3405 693 3459 obscuri
712 3405 740 3460 et
752 3407 900 3460 -videntem
919 3422 1010 3473 quam
1023 3404 1131 3456 mdes

104 3473 194 3528 modis
212 3471 284 3526 illud
303 3472 363 3525 fieri
381 3474 484 3541 possit,
507 3476 604 3529 temen
623 3477 658 3530 de
675 3496 736 3533 uno
755 3482 837 3531 certe
853 3478 947 3529 mooe
965 3469 1156 3522 consumam

103 3545 273 3599 sententiam
297 3545 397 3600 dicere.
436 3547 486 3603 όόε
508 3565 553 3616 τις
573 3547 645 3604 inde
669 3550 709 3604 elo
731 3547 896 3604 tristetele
919 3544 961 3593 ‘m
972 3527 1180 3601 Qffiffissw

1009 3674 1014 3683 ν

102 3729 120 3747 ‘x
204 3728 209 3743 ι
297 3736 356 3747 v..
477 3734 518 3747 ,ἰ
652 3738 703 3747 »..«.
743 3728 815 3747 ς.1,

1113 3658 1207 3706 ,λι
