2430 3840
476 196 509 203 —
547 161 660 216 XXXIV
700 193 733 202 -

96 328 273 405 κασωτός
296 351 350 407 pro
374 328 509 405 πιλητός
528 331 577 389 vol
596 327 738 404 πιλωτός
762 330 839 389 ἰαΧ
864 332 917 389 eol.
932 331 948 391 Ι
964 333 1013 395 12.
1047 351 1117 391 ver·

161 421 233 478 bum
261 421 334 479 alibi
362 439 420 480 non
449 422 553 480 exstat.
600 420 631 478 in
659 420 777 497 vulgari
805 438 939 488 sermono
965 418 1118 481 ndieotiva

161 509 251 569 huius
274 510 389 585 generis
413 510 500 568 valde
522 509 637 569 usitate
660 512 754 568 erunt.
795 509 939 583 Aristeae,
963 512 1115 575 uterem-

162 599 215 673 pla
236 600 401 675 proferam,
424 599 497 658 hueo
519 598 666 657 vocabulo
689 600 828 673 usurpat:
852 594 1017 672 κρινωτός,
1043 611 1115 659 κισ-

163 683 284 760 σωτός,
314 684 503 763 γομφωτός,
537 683 735 762 φολιδωτός,
769 683 957 760 δικτυωτός,
986 681 1124 762 ῥαβδω-’

162 772 233 849 τός,
258 771 427 850 ῥομβωτός
451 769 517 857 (cfr.
541 776 735 836 Wendlandii
759 767 916 856 indicem),
940 777 998 835 etsi
1020 776 1117 836 verba

163 861 290 939 κρινόω,
310 862 466 941 φολιδόω,
487 861 625 940 ῥαβδόω,
641 861 772 940 ῥομβόω
791 865 876 924 nobis
900 864 1020 940 quidem
1040 869 1117 926 notu

161 973 222 1013 non
245 958 323 1013 sunt.
370 956 412 1014 sio
436 951 585 1028 κασωτός
605 972 722 1030 quoque
746 953 830 1029 quasi
851 973 870 1013 α
888 954 978 1012 verbo
997 952 1115 1015 κασόω

162 1043 326 1117 derivatur,
349 1044 434 1103 ouius
459 1045 593 1118 exemplu
612 1043 732 1119 quidem
751 1062 811 1103 non
830 1042 984 1117 habemus,
1008 1062 1115 1119 quom-

163 1151 254 1207 quum
277 1137 391 1192 exstare
415 1133 447 1190 id
468 1132 592 1191 verbum
615 1134 695 1191 oerto
714 1133 819 1210 negari
837 1151 896 1190 non
915 1135 1024 1207 potest,
1044 1151 1115 1192 eum

162 1224 254 1281 etiem
278 1222 491 1280 adieetivorum
520 1240 597 1297 queo
627 1240 719 1298 supro
743 1222 914 1279 enumeravi
938 1219 1114 1296 κισσωτός,

161 1308 351 1385 γομφωτός,
380 1307 555 1383 δικτυωτός
579 1314 693 1369 eertum
721 1310 761 1368 sit
789 1312 922 1369 extitisse
945 1309 1050 1384 verba,
1077 1330 1115 1369 ex

163 1399 270 1474 quibus
294 1399 429 1460 derivate
453 1402 530 1458 sunt.
564 1419 671 1458 nomen
695 1402 796 1458 nutem
818 1399 917 1475 ipsum
940 1395 1043 1473 κάσος
1062 1401 1113 1460 vel

163 1484 290 1562 κάσσος
314 1489 395 1565 apud
414 1489 597 1564 Hesychium
621 1488 786 1564 explicatur
807 1483 934 1562 ἱμάτιον
953 1485 1040 1562 παχὺ
1060 1487 1114 1549 καὶ

162 1575 263 1652 τραχὺ
278 1574 496 1652 περιβόλαιον,
521 1579 573 1636 efr.
588 1577 727 1637 Wiloken
743 1577 867 1637 Ostrooo
880 1577 895 1634 Ι
908 1598 937 1653 p.
954 1578 1017 1637 225
1035 1577 1114 1653 adn„

162 1668 216 1742 qui
238 1667 292 1726 hos
316 1671 411 1726 vestes
440 1686 475 1725 ex
498 1666 626 1742 pellibus
650 1666 777 1725 ovilibus
802 1669 924 1742 paratus
947 1666 1039 1727 fuisso
1062 1667 1111 1727 de·

161 1758 317 1815 monstrat.
377 1757 460 1815 ouius
492 1756 573 1815 vocis
611 1756 780 1831 exemplum
816 1775 896 1816 nuno
931 1757 1044 1834 legitur
1080 1757 1113 1817 in

161 1845 299 1904 Berlioer
319 1846 479 1905 Urboodeo
493 1844 699 1918 111759,17:
723 1839 922 1918 ἀφελόμενοί
941 1861 993 1919 μοι
1013 1891 1111 1906 ......

162 1931 213 1993 καὶ
227 1929 352 2007 ἱμάτιον
372 1932 423 1994 καὶ
442 1931 546 1994 κάσον
561 1931 612 1993 καὶ
632 1929 786 2007 ἀργυρίου
806 1929 951 2008 δραχμὰς
970 1931 1110 2005 δώοεκα;
1155 1943 1159 1953 “

160 2026 314 2098 praeterea
348 2025 469 2082 verbum
501 2024 699 2098 compositum
731 2041 809 2080 nuno
840 2023 977 2082 novimus
1009 2035 1110 2084 κασο·

161 2108 257 2186 ποιός
281 2113 328 2171 vel
347 2109 552 2185 κασσοποιός
571 2132 606 2170 ex
624 2112 766 2171 Fb'oders
788 2112 884 2171 Petrie
901 2113 975 2186 Pop.
994 2112 1039 2186 ΙΙ,
1059 2115 1112 2187 32,

165 2203 250 2274 1,10
269 2192 489 2283 (κασοποιός),
508 2201 646 2261 Wiloken
667 2200 790 2260 Ostroeo
811 2202 893 2261 1081
907 2220 970 2277 sqq.
995 2193 1111 2281 (κασο-

161 2287 257 2364 ποιός
276 2284 554 2370 etrnooou016;)‚
575 2291 627 2349 cfr.
646 2290 816 2366 Meyserum
834 2291 892 2349 1.α.
916 2311 944 2365 p.
961 2291 1040 2365 2153
1063 2308 1112 2350 ao·

161 2379 241 2441 cedit
265 2379 352 2454 Θαρν.
376 2381 448 2453 Pop.
473 2381 503 2438 ΙΙ
519 2381 581 2438 389
607 2374 845 2458 κασοπ[οι....]
886 2380 983 2438 formu
1006 2379 1112 2455 κασῆς

160 2469 273 2547 legitur
296 2471 328 2526 in
354 2470 429 2527 Tebt.
453 2470 526 2542 Pop.
550 2467 576 2543 Ι,
594 2469 648 2541 38,
669 2471 708 2527 22
735 2461 833 2549 (κασῇ
857 2466 908 2528 καὶ
933 2461 1111 2551 μηλωταῖς)

160 2560 191 2616 et
216 2561 275 2618 181
308 2549 401 2638 (πύλη
426 2555 530 2631 καινή,
555 2557 670 2630 κασῆς,
700 2557 800 2630 χαλκῆ
830 2551 959 2638 χοῖνιξ),
991 2555 1050 2632 κᾶς
1079 2558 1113 2617 in

163 2647 256 2706 Greek
278 2665 351 2720 ραρ.
375 2649 412 2721 of
425 2648 469 2707 tbe
492 2647 568 2704 Bru.
592 2648 674 2705 Mus.
693 2647 724 2705 H
753 2648 891 2722 p011,5
918 2638 991 2726 (κοῖς
1015 2642 1111 2721 ἐφίπ-

162 2729 260 2815 πιος).
307 2755 342 2795 ex
364 2737 515 2811 prioribus
533 2737 718 2813 temporibus
741 2737 814 2797 hueo
832 2755 889 2794 vox
912 2739 983 2795 notu
1007 2738 1053 2794 est
1076 2757 1112 2796 ex

162 2827 224 2884 solo
252 2826 448 2900 Xenophonte
477 2823 584 2901 Gyrop
609 2826 642 2899 8,
663 2827 734 2900 3,6
764 2823 883 2905 (κασᾶς
909 2818 1112 2907 ἐφιππίους).

94 2914 329 2973 καταπονεῖν
357 2916 519 2988 defotiyoro
550 2916 585 2973 fr.
600 2914 662 2989 1,5
696 2918 728 2973 in
760 2915 883 2990 papyris
915 2913 1026 2989 legitur
1058 2914 1112 2974 ofr.

161 3003 331 3077 Meyserum
350 3004 368 3061 l.
384 3021 407 3062 α.
426 3024 454 3078 ρ.
471 3005 534 3063 407
551 3002 661 3083 (Greek
669 3022 742 3077 ρυρ.
759 3005 836 3061 Brit.
850 3004 932 3061 Mus,
946 3002 962 3060 I
975 3023 1004 3079 p.
1021 3005 1084 3063 232
1105 3051 1112 3063 .

161 3095 233 3151 notu
257 3095 302 3150 est
324 3111 383 3151 vox
406 3095 496 3151 etiam
521 3112 556 3151 ex
578 3092 742 3151 Menandro
762 3085 859 3171 (Stob.
883 3091 945 3151 flor.
971 3094 1022 3166 29,
1044 3094 1112 3168 19,

161 3180 336 3254 Plutarcho,
359 3180 499 3257 Polybio,
522 3181 668 3253 Diodoro,
695 3181 768 3255 NT,
792 3180 872 3252 aliis,
901 3200 935 3239 ex
958 3181 1111 3241 Atticistis

162 3289 278 3345 quoque
315 3269 402 3329 Dion.
439 3270 549 3345 Helie,
590 3268 687 3327 Dione
726 3269 842 3344 (ibon,
861 3270 1020 3344 Aeliano,
1057 3271 1110 3330 ofr.

161 3359 208 3417 W.
224 3359 407 3418 Schmidium
430 3359 449 3417 l.
465 3379 488 3419 e.
511 3360 527 3417 I
548 3360 620 3432 160,
636 3359 713 3431 3653
737 3358 870 3416 111244.

94 3445 344 3522 κατατρέχειν
358 3465 431 3508 τινα
454 3449 488 3506 fr.
504 3447 562 3507 XII
576 3447 631 3506 ool.
647 3447 691 3505 13
721 3447 868 3507 translato
892 3447 1109 3524 significatione

160 3540 309 3606 inserturi,
342 3539 555 3611 reprehendere.
610 3538 653 3595 sio
685 3538 798 3613 primus
831 3536 953 3596 verbum
983 3541 1111 3614 usurpet
