2430 3840
497 118 715 171 -XXII-

95 291 223 364 stratur,
252 288 332 363 quod
361 288 409 347 hic
436 290 574 363 matrem,
603 287 677 347 alibi
705 290 779 348 alios
807 288 972 365 alloquitur
999 292 1116 348 auctor.

95 378 147 436 sed
174 379 297 436 minime
326 378 387 436 alia
415 378 555 435 allocutio
589 380 619 436 et
648 379 708 436 alia
734 379 903 436 litterarum
935 378 1115 456 magnitudo

97 467 191 525 alium
228 471 381 527 auctorem
417 466 564 539 iudicant,
597 469 627 524 et
659 467 732 525 satis
765 469 809 525 est
841 470 871 526 te
902 486 1041 527 revocare
1075 468 1117 527 ad

98 557 135 613 fr.
149 555 235 614 LXII
249 583 283 602 =
298 555 372 614 Heb.
387 560 417 613 et
431 554 497 612 Kal.
519 557 547 629 3,
567 556 646 631 quod
664 574 757 631 aeque
776 559 893 634 magnis
911 556 1021 615 litteris
1041 558 1114 617 scri-

94 649 181 720 ptum
209 648 300 721 atque
327 645 399 702 haec
422 644 458 702 de
484 664 544 720 qua
574 646 690 722 agimus
720 645 851 720 epistula
878 648 1001 721 propter
1023 664 1116 724 argu-

95 736 229 793 mentum
257 753 275 793 a
303 734 386 792 nullo
415 734 474 792 alio
506 735 648 810 scriptum
676 752 738 792 esse
766 737 867 810 potest
894 735 953 793 nisi
980 733 1017 792 ab
1046 734 1115 811 ipso

96 822 230 901 Diogene
258 817 284 904 (
300 870 328 882 ..
357 839 433 895 τους
462 819 705 896 ἐπιδημούντων
734 820 835 883 ξένων
864 818 1114 898 φιλάνθρωπονς

96 915 148 971 cfr.
173 915 208 970 fr.
224 913 254 970 ΙΙ
273 913 326 971 eol.
341 911 368 965 l'
384 938 417 957 =
432 912 506 970 Heb.
526 917 557 971 et
575 912 641 970 Kal.
665 912 700 971 fr.
717 914 757 971 58
778 913 832 971 col.
847 912 891 969 IV
914 915 944 971 et
962 912 997 969 fr.
1013 912 1116 970 XXIV

95 1003 150 1060 eol.
165 1001 181 1059 I
195 1005 225 1060 et
238 1002 269 1060 Π
288 1028 322 1048 --
342 1001 414 1059 Heb.
435 1004 465 1059 et
483 1001 549 1059 Kal.
574 1003 609 1059 fr.
626 1003 681 1075 613
705 1005 735 1060 et
753 1002 819 1061 τῶν
839 996 1046 1076 πραγμάτων,
1065 996 1116 1061 ὡν

99 1087 134 1150 ἐν
167 1091 237 1163 ταῖς
266 1086 445 1150 ὑποκάτω
475 1087 594 1164 χώραις
626 1087 778 1164 ἐδήλωσα
806 1090 955 1164 φυσικῶν
983 1106 1018 1150 τε
1047 1085 1117 1164 ἅμα

95 1177 146 1238 καὶ
161 1172 376 1260 παθητικῶν).
401 1179 481 1254 quod
498 1181 700 1258 fragmentum
720 1179 866 1255 quomodo
887 1199 904 1238 a
924 1178 1054 1238 OousIno
1073 1181 1117 1238 ei·

96 1268 163 1327 dem
178 1268 332 1344 epistulae,
352 1288 442 1344 quam
459 1269 584 1344 Epicuri
601 1271 664 1329 sive
683 1270 841 1327 familiaris
856 1269 919 1327 eius
934 1287 997 1327 esse
1015 1272 1116 1343 putat,

98 1357 189 1416 inseri
213 1360 347 1432 potuerit
369 1378 427 1416 non
447 1358 598 1435 intellego.
632 1360 667 1417 de
686 1358 804 1417 diversa
823 1360 922 1416 autem
941 1359 1117 1416 litterarum

96 1446 303 1523 magnitudine
327 1449 378 1506 cfr.
404 1466 480 1523 quae
504 1466 594 1524 supra
618 1447 680 1505 dixi
703 1450 733 1505 et
750 1447 917 1506 Usenerum
936 1447 1000 1505 loco
1020 1445 1115 1505 citato

95 1556 125 1611 p.
141 1537 215 1594 418.
239 1535 290 1595 sed
308 1536 462 1595 veniamus
481 1537 519 1594 ad
538 1539 651 1595 ceteras
670 1554 774 1595 causas
794 1555 867 1611 quas
888 1536 975 1594 affert
994 1534 1114 1595 Gousin.

96 1627 260 1683 orationem
285 1625 379 1683 multo
404 1625 614 1700 simpliciorem
640 1628 668 1684 et
688 1625 843 1684 clariorem
863 1644 925 1683 esse
949 1624 1029 1682 dicit.
1061 1625 1115 1683 sed

96 1713 173 1772 talia
196 1714 301 1772 fallere
323 1718 448 1788 possunt
467 1718 497 1772 et
516 1717 644 1775 sermoni
662 1714 749 1772 huius
769 1715 915 1790 epistulae
933 1733 994 1772 non
1012 1713 1114 1772 deesse

97 1802 293 1861 obscuritates
316 1812 430 1878 postea,
454 1807 489 1862 ut
512 1805 631 1878 opinor,
655 1804 818 1878 ostendam,
842 1821 907 1861 cum
932 1804 970 1861 ad
993 1820 1114 1861 accura-

95 1893 160 1950 tam
178 1893 458 1966 interpretationem
473 1911 579 1951 venero
600 1884 665 1974 (cfr.
686 1912 763 1968 quae
782 1893 820 1951 ad
838 1893 874 1950 fr.
893 1891 993 1950 LXIII
1012 1891 1065 1950 col.
1081 1891 1115 1950 H

96 1972 181 2060 diri).
211 1979 315 2039 deinde
330 1983 439 2039 statuit
452 1983 544 2039 talem
563 1983 690 2041 formam
705 1982 802 2057 qualis
817 1985 857 2040 sit
871 1977 1114 2055 ὑφειστήκεσαν

97 2087 151 2127 nos
173 2069 203 2126 in
228 2071 428 2144 antiquiorem
452 2073 582 2129 aetatem
604 2090 751 2142 revocare,
775 2073 950 2146 scriptorem
969 2070 1114 2147 Diogenis

96 2160 195 2217 aetate
235 2160 385 2218 viventem
421 2161 563 2218 nImirum
603 2156 798 2234 ὑφέστασαν
835 2160 984 2218 dicturum
1020 2159 1114 2218 fnisse

94 2250 187 2306 ratus.
234 2248 285 2306 sed
309 2252 338 2308 et
365 2251 397 2306 in
421 2252 591 2308 universum
614 2250 739 2325 perfecti
761 2251 874 2308 t'ormae
897 2252 930 2307 in
958 2265 1013 2308 -κα
1036 2249 1113 2307 desi·

96 2340 200 2396 nentes
214 2337 390 2397 recentiores
406 2342 475 2397 sunt
490 2339 556 2397 aliis
571 2330 639 2419 (cfr.
650 2337 684 2397 G.
694 2339 797 2414 Meyer
806 2337 935 2397 Gramm.
946 2329 1113 2417 p.634sq.)

96 2429 127 2483 et
149 2426 262 2484 formae
285 2427 434 2504 longiores
462 2427 500 2484 ab
525 2423 644 2500 ἕστηκα
672 2428 822 2487 deriuatas
845 2429 991 2503 paulatIm
1014 2427 1112 2486 brevi-

95 2532 161 2573 ores
192 2518 397 2591 repressenmt
434 2517 506 2574 adeo
544 2518 578 2574 ut
613 2518 822 2592 inscriptiones
859 2517 978 2576 Atticae
1011 2519 1115 2592 quarti

96 2622 122 2662 a.
147 2602 213 2662 (ihr.
251 2606 361 2664 saeculi
393 2605 462 2664 illas
495 2606 574 2664 solas
606 2606 718 2665 formas
746 2605 831 2664 nobis
859 2606 1021 2680 praebeant
1044 2597 1113 2683 (cfr.

97 2692 296 2753 Meisterhans
323 2715 352 2769 p.
374 2688 460 2773 152).
511 2695 578 2752 vide
606 2697 696 2753 etiam
721 2695 800 2770 quod
824 2695 897 2752 dicit
920 2695 966 2752 W.
991 2693 1114 2752 Schmid

96 2780 268 2841 Alticienses
286 2783 331 2841 IV
348 2804 378 2858 p.
394 2785 472 2842 396:
491 2782 565 2856 „Die
584 2784 694 2843 kurzen
713 2784 774 2842 und
793 2784 840 2842 die
858 2784 967 2861 langen
985 2783 1113 2842 Formen

95 2870 146 2929 des
176 2871 358 2930 Perfectums
387 2891 445 2930 von
472 2870 602 2951 θνῄσκω
631 2875 691 2932 und
718 2868 827 2947 ἵστημι
856 2873 963 2949 gehen,
991 2874 1047 2930 wie
1070 2874 1115 2930 im

97 2959 267 3034 Attischen,
296 2979 328 3020 so
353 2960 479 3020 beiden
504 2960 737 3022 Schriftstellern
763 2962 815 3021 der
838 2958 927 3034 κοινή
1051 2963 1114 3020 und

95 3049 153 3107 deu
176 3049 339 3107 Atticisten
363 3049 599 3109 nebeneinander
620 3051 699 3109 her.“
737 3056 768 3109 et
791 3049 825 3109 G.
846 3049 989 3124 Schmidt,
1007 3051 1114 3109 Jahrb.

94 3139 117 3209 f.
137 3138 224 3196 lclosa
243 3138 345 3196 Plee‘lol.
366 3138 469 3214 Suppl.
484 3141 511 3198 X
524 3160 553 3215 p.
570 3142 630 3198 481
654 3140 688 3198 de
708 3141 813 3198 Flavio
833 3139 963 3214 Josepho
982 3141 1114 3198 locutus:

95 3227 150 3300 „In
184 3229 470 3303 plusquamperfecti
501 3230 664 3288 indicativo
697 3230 811 3287 formae
842 3229 993 3306 longiores
1025 3229 1115 3306 longe

96 3315 290 3391 praevalent“
323 3322 353 3376 et
391 3317 695 3390 Winer·Schmledel,
730 3317 861 3376 Gronau.
890 3319 917 3376 <l
945 3321 1115 3377 aeclesiam.

94 3404 315 3477 Sproeleiclc'oors
342 3405 437 3482 §14,
454 3408 486 3465 5:
515 3408 594 3482 „Das
622 3406 699 3464 Perf.
729 3426 787 3465 von
814 3403 943 3466 ἱστάναι
972 3408 1049 3483 zeigt
1072 3408 1117 3465 im

94 3492 246 3553 Indicativ
265 3497 313 3554 nie
332 3495 380 3555 dle
398 3497 543 3554 lriirreren
561 3495 687 3555 Formen
707 3491 855 3572 ἕσταμεν,
876 3493 1000 3566 ἕστατε,
1020 3492 1116 3554 ἑστᾶ-
