2430 3840
513 149 717 204 -le-

110 315 259 394 πράξεων
283 319 379 377 dicere
398 319 483 394 velle,
506 322 569 377 tum
589 321 671 395 prius
691 321 780 393 caput
798 317 905 392 incipit
922 319 952 374 11
969 312 1009 374 τὰ
1028 312 1126 390 πάθη,

111 409 220 483 quibus
244 408 369 467 sublatis
388 408 527 484 voluptas
547 411 679 466 animum
698 409 807 483 capiat,
830 409 997 465 enumerat:
1016 403 1124 480 φόβον

110 494 145 556 ἐκ
169 497 266 568 θεῶν,
295 493 403 572 φόβον
432 493 496 556 ἀπὸ
525 493 681 570 θανάτου,
709 492 816 571 φόβον
840 490 898 554 ἀπ’
923 490 1124 568 ἀλγηδόνων,

111 582 292 661 {utbaldum
316 585 441 646 eundem
461 587 593 644 ordinem
611 586 644 644 in
667 585 869 661 disputatione
888 587 1039 644 servatum
1062 602 1126 644 esse

109 678 339 736 consentaneum
363 678 408 734 est
431 678 461 734 at
485 675 643 734 adeorum
667 679 748 734 metu
768 675 1004 750 quamprimum
1023 675 1125 750 posuit

107 784 211 825 revera
239 767 414 840 scriptorem
441 766 571 840 incipere
595 764 730 824 videmus
759 762 860 822 001.ss
881 783 908 821 v.
926 766 1041 838 12sqq.
1088 782 1125 822 ex

106 854 162 912 hoc
189 856 254 929 ipso
284 871 352 912 cum
378 854 439 911 iam
467 853 622 929 probabile
654 854 703 928 sit,
734 853 769 910 fr.
791 854 830 911 71
852 843 963 933 (XXX)
996 871 1054 927 quo
1087 852 1125 911 de

107 943 220 1001 duobus
252 944 370 1001 timoris
402 942 558 1019 generibus
594 943 694 1020 egitur
730 941 787 1000 huc
818 941 1018 1000 revocandum
1051 959 1125 1014 esse,

108 1051 203 1107 paene
241 1035 322 1090 certa
358 1031 392 1090 fit
424 1050 470 1090 res
507 1050 596 1090 versu
631 1031 735 1106 quinto
771 1030 892 1089 decimo.
951 1029 983 1087 in
1020 1031 1056 1089 fr.
1081 1031 1124 1088 63

30 1122 33 1131 “
107 1111 233 1202 (ΧΧΙΧ)
262 1121 341 1178 enim
368 1139 461 1197 prope
489 1121 527 1178 ad
558 1120 647 1179 finem
675 1119 801 1178 deducta
829 1122 874 1178 111
901 1113 1027 1195 Epicuri
1055 1136 1123 1192 κυρ.

62 1254 68 1261 -
107 1206 171 1270 δόξ.
191 1209 247 1284 ΠΙ,
265 1211 297 1266 in
315 1210 421 1286 fragm.
439 1212 476 1267 71
495 1201 606 1291 (XXX)
626 1211 726 1268 autem
745 1209 840 1266 altera
859 1201 900 1288 (κ.
915 1209 942 1268 δ.
956 1199 1045 1290 XIII)
1060 1209 1122 1267 vix·

106 1299 179 1357 dum
203 1301 309 1374 coepta
337 1301 394 1373 est,
422 1301 457 1358 ut
479 1299 580 1357 ridere
602 1300 707 1374 possis,
731 1300 764 1356 in
787 1317 847 1356 uno
870 1298 971 1374 lapide
994 1299 1123 1374 angusto

106 1388 185 1447 inter
207 1389 366 1462 utrumque
391 1389 448 1448 sito
472 1391 502 1446 et
524 1388 613 1446 finem
631 1388 712 1446 illins
736 1390 767 1446 et
784 1407 877 1463 parvo
900 1387 1004 1446 relicto
1023 1388 1123 1463 spatio

107 1469 252 1559 (spatium
290 1479 359 1535 aute
396 1478 561 1536 sententiae
597 1479 720 1535 initium
756 1477 857 1535 habes,
884 1477 976 1534 etiam
1011 1476 1046 1534 fr.
1078 1477 1121 1534 80

106 1593 141 1612 --
154 1558 296 1644 XLVIH)
320 1567 409 1624 huius
431 1566 552 1624 initium
574 1568 679 1640 fnisse3
703 1568 792 1641 atque
816 1565 918 1624 eadem
942 1565 1002 1623 fere
1025 1566 1123 1624 forma

106 1657 137 1714 et
159 1655 319 1714 latitudine
342 1655 476 1730 perditus
499 1656 548 1713 hic
570 1655 647 1730 lapis
672 1657 736 1713 erat
762 1657 852 1729 atque
875 1655 911 1712 fr.
929 1656 979 1726 71,
1002 1673 1069 1712 cum
1089 1657 1123 1712 ’11

106 1747 267 1803 extremam
290 1747 408 1818 partem
431 1745 585 1802 columnae
609 1744 729 1802 dextrae
748 1745 783 1801 fr.
800 1745 840 1802 63
857 1734 984 1823 (XXIX)
1008 1745 1038 1802 et
1060 1744 1121 1818 pri-

105 1853 186 1891 mam
212 1833 432 1907 maximamque
459 1835 576 1907 partem
603 1833 736 1891 eiusdem
764 1832 918 1891 columnae
947 1834 1122 1910 contineret,

105 1922 188 1981 cuius
206 1921 349 1997 reliquias
367 1923 399 1980 in
418 1922 453 1979 fr.
471 1923 509 1978 71
531 1913 641 2002 (XXX)
660 1921 810 1981 habemus.
851 1922 900 1979 hio
918 1920 1012 2000 igitur
1029 1941 1122 1998 prope

106 2015 187 2070 certo
211 2011 344 2086 exemplo
368 2010 597 2084 demonstratur,
620 2030 679 2069 non
699 2013 850 2071 servatum
874 2029 936 2070 osse
960 2012 1120 2070 sententia-

105 2121 171 2158 rum
200 2100 346 2175 ordinem,
371 2120 459 2176 quem
486 2099 623 2158 Laertius
651 2099 736 2159 nobis
760 2099 891 2173 exhibet,
919 2117 987 2158 cum
1010 2095 1121 2173 κυρίαν

106 2186 205 2250 δόξαν
232 2191 355 2249 tertiam
383 2189 513 2265 excipiat
540 2189 655 2247 decima
686 2191 790 2264 tertia,
820 2207 1000 2265 quamquam
1030 2190 1119 2248 etiam

105 2282 222 2354 quarta,
237 2280 352 2354 quinta,
367 2281 458 2352 sexta,
472 2281 588 2353 octava,
603 2279 716 2336 decima
730 2279 801 2336 huic
815 2278 1004 2356 gnomologio
1018 2278 1119 2336 insint.

175 2366 279 2427 011111
306 2368 475 2445 fragmenta
504 2370 549 2427 ita
580 2367 738 2444 partitioni
761 2386 851 2443 quam
880 2367 968 2426 modo
995 2385 1121 2426 comme-

104 2459 220 2516 moravi
238 2457 487 2516 accommodanda
510 2475 572 2516 esse
595 2460 682 2532 puto:
707 2456 744 2514 ad
767 2457 845 2514 hunc
867 2455 973 2530 locum,
1000 2476 1058 2532 quo
1083 2457 1120 2515 de

104 2549 186 2604 metu
205 2545 327 2606 deorum
347 2546 455 2624 agitur,
474 2547 625 2622 pertinent
644 2547 734 2604 etiam
748 2547 798 2602 fir.
817 2537 1120 2625 78-81(xxx1-

104 2627 261 2716 XXXIH),
290 2635 398 2710 quibus
422 2635 458 2693 de
482 2634 666 2694 divinatione
690 2637 719 2692 et
743 2635 778 2692 de
802 2636 865 2692 1110
893 2635 1027 2709 loquitur
1049 2638 1120 2694 scri-

103 2727 180 2799 ptor.
227 2725 345 2784 videtur
368 2727 457 2783 antea
479 2724 656 2783 refutavisse
677 2723 790 2783 Stoicos
815 2743 849 2781 ex
872 2724 1056 2782 divinatione
1074 2725 1119 2782 ia·

103 2816 169 2871 tum
189 2832 251 2872 esse
270 2813 430 2872 firmantes.
459 2813 497 2872 ad
516 2813 675 2871 secundum
694 2814 800 2884 locum,
819 2816 916 2872 metus
934 2812 1039 2871 mortis
1058 2832 1119 2889 qno

103 2905 261 2976 tractatur,
274 2903 428 2961 referenda
447 2905 518 2962 sunt
531 2903 714 2960 11173-75
727 2894 890 2982 (XXXVI),
903 2903 942 2958 72
955 2893 1120 2984 (XXXIV),

107 2993 236 3051 76-77
252 2983 405 3072 (XXXV),
423 2994 459 3050 ut
472 2991 591 3050 ridetur
609 2992 644 3049 fr.
661 2992 701 3049 83
718 2983 888 3072 (XXXVH)
904 3008 1021 3066 quoque
1035 3010 1118 3066 pror·

104 3097 153 3140 aus
176 3080 357 3138 mutilatum.
404 3080 442 3139 ad
464 3081 602 3152 tertium,
628 3098 686 3154 quo
711 3081 812 3156 agitur
834 3079 870 3138 de
893 3081 976 3137 metu
999 3080 1119 3154 doloris,
1191 3138 1194 3145 ,

104 3169 271 3244 spectantia
299 3169 467 3246 fragmenta
492 3169 578 3227 nulla
602 3169 752 3228 habemus.
803 3187 862 3226 non
893 3169 970 3226 anim
1000 3169 1050 3226 frr.
1076 3169 1117 3226 64

104 3258 194 3318 1165
215 3248 388 3337 (XXXVIII
406 3261 436 3316 et
453 3249 593 3337 XXXIX)
621 3258 678 3316 huc
700 3260 779 3316 recte
801 3257 906 3314 referri
930 3257 967 3315 ab
986 3257 1118 3317 Usenero

103 3349 134 3406 et
152 3345 315 3404 editoribus
333 3346 500 3405 Austriacis
518 3348 601 3422 puto,
621 3347 671 3404 sed
689 3347 785 3422 magis
805 3345 978 3404 crediderim
998 3366 1034 3406 aa
1051 3365 1119 3422 per⁴

102 3439 197 3495 tinere
211 3435 249 3493 ad
264 3436 427 3493 extremam
435 3437 552 3510 partem
561 3437 655 3494 totius
669 3434 705 3494 de
719 3435 859 3493 tollendis
869 3435 1023 3494 affectibus
1037 3436 1117 3511 oapi-

102 3527 142 3584 tis
166 3518 232 3606 (cfr.
253 3523 290 3583 ad
304 3525 340 3582 fr.
355 3516 535 3606 XXXVIII).
568 3525 658 3583 1111111
679 3526 780 3599 quarti
797 3524 855 3584 loci
875 3526 982 3601 capitis
998 3525 1118 3600 prioris,
