2430 3840
459 173 493 182 -
523 141 672 197 XXXVIII
709 174 742 182 -

79 381 80 385 ς
159 310 254 386 Pus,
279 309 378 386 Septi,
400 311 504 386 Eurip.
528 303 781 392 (Xenophcneb.
801 313 831 386 4,
848 314 886 371 11
908 310 988 371 solus
1007 311 1112 370 cour

160 393 320 474 ἄπλατος,
349 401 441 459 ceteri
467 400 605 459 meliores
631 392 803 480 ἄπλετος),
833 403 937 460 contre
969 418 1040 460 voce
1074 395 1110 459 ἀ-

161 487 281 562 πλετος
301 491 431 548 ‚utuntur
452 492 571 565 praeter
598 489 717 548 eosdem
739 491 844 565 poetes
867 489 986 564 Hercu,
1014 490 1112 549 Xeno·

160 578 240 653 phun
269 573 302 658 (l.
322 571 371 659 e),
398 579 500 652 Plato,
523 577 648 637 Aristct.
694 581 857 637 recentiore
884 581 985 638 eutem
1011 582 1112 637 aetate

152 668 193 725 *in
212 667 405 743 scriptoribus
424 667 610 744 pedestribus
628 687 687 726 non
707 667 804 726 solum
824 663 966 742 ἄπλετος
981 659 1109 748 (Polyb,

160 754 219 815 Dio
249 755 365 833 Chrys,
393 757 551 830 Aelianus,
578 748 742 838 Lucienus)
769 756 822 816 sed
849 757 941 816 etiem
964 752 1112 831 ἄπλατος

160 846 322 919 iuvenitur,
337 847 389 905 cfr.
405 843 530 904 Orinert
548 846 567 906 l.
583 864 616 920 c,
636 845 687 921 qui
702 864 736 903 ex
750 845 839 919 LXX,
859 849 991 922 papyris,
1010 846 1111 905 Philo-

150 933 260 1009 ,‚demo‚
288 933 434 1007 Diodoro,
461 935 552 994 schol.
579 934 679 1010 Apoll.
707 934 801 994 Rhcd.
832 927 880 1016 (3,
900 939 940 994 41
967 930 1110 994 ἀπλατο·

161 1016 333 1103 μεγέθεις),
356 1023 522 1099 Porphyric
550 1025 685 1100 exempla
713 1023 811 1095 effert,
835 1025 873 1084 cd
897 1043 973 1101 quse
997 1024 1114 1084 accedit

161 1113 330 1188 exemplum
343 1114 580 1171 recentissimum
594 1114 727 1173 Eudociu
741 1113 900 1172 Mecremb.
911 1106 989 1193 (222
1006 1108 1110 1172 ἀπλα-

160 1193 360 1283 τομεγέθης).
411 1201 479 1262 inde
507 1221 544 1260 ne
572 1197 718 1276 ἄπλατος
742 1203 862 1277 quidem
884 1204 917 1260 in
939 1201 1112 1260 Atticorum

160 1308 294 1350 sermone
321 1292 413 1351 fuisse
441 1289 572 1366 videtur,
600 1292 651 1351 sed
678 1293 890 1367 inposterum
912 1294 1030 1350 tantum
1053 1309 1110 1349 usu

160 1381 300 1458 viguisse,
319 1375 461 1454 ἄπλετος
481 1381 582 1439 eutem
605 1382 708 1440 Ionica
727 1399 784 1439 vox
802 1382 903 1454 fuisse,
922 1398 999 1455 quae
1018 1381 1110 1438 etiem

160 1469 192 1527 in
160 1471 392 1546 inscriptorum
410 1489 471 1529 ncn
489 1489 569 1528 mere
581 1470 758 1530 Atticorum
777 1470 942 1529 cretionem
965 1470 1112 1544 irreperet

161 1550 308 1639 (Xenoph.
341 1559 362 1616 l.
386 1577 418 1632 c,
450 1558 538 1618 Plato
561 1560 619 1636 leg
645 1560 733 1617 683a
765 1561 796 1617 et
832 1559 958 1616 fortusse
995 1549 1113 1638 6760)-

82 1703 83 1706 ,
150 1667 287 1723 querum
309 1651 439 1722 utruque
460 1649 597 1723 postea
588 1668 619 1706 1n
643 1666 730 1706 usum
751 1648 908 1725 uulgarem
930 1647 1060 1706 transiit.

94 1730 227 1812 ἄρτιος
255 1738 290 1795 fr
310 1736 435 1794 LXXIV
463 1737 497 1795 de
525 1739 624 1796 mente
651 1738 783 1813 integre,
811 1739 847 1795 ut
874 1730 1055 1811 ἀρτίφρων,
1084 1736 1114 1794 si

107 1877 108 1881 ,
159 1828 240 1885 recte
267 1826 424 1902 suppletur
452 1820 583 1899 ἀρτίους
612 1819 773 1904 [φρένας]
825 1825 876 1884 cfr.
905 1824 1008 1900 Eurip.
1038 1825 1111 1882 'Pro'

160 1915 231 1974 ades
249 1917 318 1972 ⁴417
343 1911 383 1974 οὐ
407 1910 468 1988 γὰρ
493 1909 604 1988 ἀρτίας
628 1910 712 1987 ἔχεις
736 1910 873 1988 φρένας,
897 1913 1111 1990 Theogn.154

162 1998 228 2083 ὅτῳ
253 2000 292 2076 μὴ
313 1999 397 2077 νόος
416 1998 526 2078 ἄρτιος
549 1999 578 2082 ᾖ.
610 2005 721 2081 legitur
743 2005 835 2062 etium
859 2003 939 2078 apud
961 2006 1113 2062 recentem

161 2093 337 2168 scriptorem
360 2093 526 2168 pedestrem
549 2091 653 2168 Gyrffl.
672 2092 756 2151 Alex.
779 2093 837 2151 vol.
863 2095 896 2166 6,
919 2113 948 2168 p.
965 2092 1013 2150 2ἀ
1041 2091 1112 2164 τοῖς

162 2177 283 2256 ἀρτίοις
307 2179 366 2255 τὴν
390 2179 504 2256 φρένα.

95 2267 281 2346 βαρέομαι
308 2272 345 2330 fr.
359 2271 461 2329 LXIV
480 2271 543 2330 ccl.
562 2271 609 2329 III
629 2272 656 2329 9.
704 2271 756 2328 cfr.
784 2289 875 2346 supra
903 2290 931 2346 p.
955 2270 1054 2328 XXVI
1082 2272 1114 2328 et

161 2380 189 2436 p.
205 2359 326 2420 XXXH.
340 2363 460 2436 praeter
472 2362 577 2436 peetus
591 2362 740 2436 reperitur
753 2359 785 2418 in
794 2360 882 2434 LXX
897 2359 965 2433 NT,
979 2359 1113 2434 papyris.

152 2451 213 2508 cfr.
223 2449 350 2509 Lucieni
359 2449 558 2526 Pseudcsoph.
568 2468 592 2508 c.
605 2452 622 2508 7
634 2448 780 2523 ,,βαρεῖν“
795 2446 831 2508 δέ
845 2443 1112 2522 τινος-εἰπόντος,

163 2535 222 2598 οὐκ
241 2535 343 2609 ἔστιν,
364 2534 440 2613 ἔφη,
460 2535 498 2598 τὸ
518 2535 711 2613 ,·,βαρύνειν“,
731 2534 777 2611 ὡς
797 2533 976 2612 νενόμικας.
1003 2537 1112 2595 Attici-

162 2631 226 2687 stee
253 2647 357 2687 recem
387 2646 447 2687 non
478 2628 587 2687 hebere
614 2628 762 2686 videntur.
816 2626 960 2685 hodierne
993 2645 1113 2701 quoque

155 2719 267 2795 tingue
290 2715 403 2776 Graece
428 2716 516 2792 βαρῶ
540 2718 602 2775 siue
627 2711 737 2791 βαράω
761 2715 878 2774 dicitur.

96 2801 235 2880 ἔρευνα
248 2807 289 2864 fr.
304 2806 407 2864 XVHI
425 2807 479 2866 col.
494 2805 525 2863 ΙΙ
539 2809 591 2864 12.
624 2807 655 2863 in
671 2805 875 2864 ¹Pseudcurist.
895 2803 1003 2863 Oeccn.
1024 2806 1053 2878 2,
1069 2805 1113 2863 30

163 2900 193 2954 et
216 2895 410 2971 scriptoribus
437 2895 606 2954 recentibus
634 2897 763 2953 occurrit
790 2893 873 2952 etin
897 2894 1020 2969 papyris
1043 2884 1113 2972 (cfr.

161 2985 332 3060 Meyserum
354 2985 374 3043 l.
390 3003 412 3043 c.
436 3005 465 3061 p.
482 2977 547 3067 28).

97 3069 270 3148 ἐκθύμως
293 3076 329 3132 fr.
344 3074 400 3131 XV
420 3074 570 3134 col.110.
599 3068 679 3133 Ὑπ>
700 3068 837 3146 ἐκθύμου
857 3068 981 3147 φρενός
1000 3071 1115 3150 legitur

162 3163 267 3222 Aesch.
296 3162 376 3222 Pers.
402 3165 479 3238 364,
504 3163 583 3238 quod
609 3166 709 3221 temen
732 3161 881 3237 quomodo
905 3161 1113 3236 explicandum

163 3253 211 3326 sit,
235 3255 336 3310 utrum
364 3255 464 3310 enimc
490 3254 680 3311 studiosum
704 3268 817 3324 umens,
842 3254 931 3325 etque
955 3270 1027 3309 num
1051 3269 1112 3309 om

162 3344 234 3400 ninc
261 3343 306 3400 ite
327 3341 491 3420 ¹legendum
519 3341 570 3416 sit,
594 3359 662 3399 cum
685 3339 834 3398 Mediceus
859 3339 998 3397 exhibeat
1021 3335 1112 3398 εὐθύ·

163 3448 241 3506 μου,
263 3430 432 3508 ambigitur.
480 3432 559 3489 certe
581 3428 750 3506 posteriore
774 3430 887 3503 estete,
909 3432 945 3485 ut
967 3429 1016 3486 hic
1040 3445 1111 3503 quo-

158 3539 228 3590 que,
266 3519 360 3578 hebet
397 3521 457 3578 vim
495 3521 594 3578 antem
629 3519 758 3577 αίαάίοεα
794 3536 855 3592 que
892 3517 923 3574 vi
955 3519 1000 3577 est
1033 3516 1113 3592 apud
