2430 3840
510 167 750 232 -100-

192 344 218 379 v.
234 330 249 378 9
267 326 326 380 tole
345 325 414 394 quid
429 328 560 379 secutum
580 342 639 379 esse
665 327 735 393 puto
754 328 798 381 ότι
815 331 850 393 τῆ
870 328 973 391 γνώσει
992 332 1049 381 τῶν
1056 369 1135 383 .....

122 397 210 467 [λείαν
228 399 457 466 ὠφεληθίωεσθε,
475 400 522 450 καί
540 398 610 451 ἄλλα
629 415 682 463 uos
701 399 878 464 γεγραμμένα
896 398 1071 468 προσθήσωί.

193 539 235 594 lr.
250 539 355 594 LXIII
378 539 462 594 coll
487 539 595 608 species
623 539 768 593 hominum
797 539 957 594 absentium
984 541 1139 592 maximum

122 611 247 665 excitent
274 615 393 679 metum,
421 611 490 680 quis
511 610 650 679 quomodo
673 609 743 664 finnt
766 610 802 664 ab
825 610 987 665 bominibus
1006 611 1141 679 explicari

122 700 178 736 non
196 685 298 753 potest.
336 686 434 736 contre
457 683 647 750 praesentium
670 681 816 736 hominum
839 682 946 751 species
969 699 1004 735 ne
1022 682 1140 736 minime

122 755 242 838 quidem·
261 758 339 808 metu
363 753 498 807 efficiunt.
536 771 720 822 quemquam,
749 752 773 807 si
795 757 870 808 recte
895 771 991 807 eurum
1009 756 1141 807 naturum

121 825 655 965 &successtltttpultt
672 825 744 964 tlt?
763 825 1142 950 {lttlstttttsutss

122 969 274 1037 quentibus
292 985 451 1040 cognosces.

194 1040 245 1094 eol.
260 1040 286 1093 Π
309 1041 386 1094 loeus
406 1037 607 1094 obscuritatem
633 1040 776 1106 quendam
801 1039 896 1104 hebet,
924 1057 1010 1108 quem
1035 1038 1142 1092 Usener

122 1116 152 1166 et
174 1111 295 1165 editores
319 1111 462 1166 Austrieci
488 1113 599 1164 mutato
622 1110 667 1164 vel
692 1111 790 1165 addito
813 1111 897 1164 verbo
924 1110 1023 1165 tollere
1046 1109 1143 1164 consti

122 1187 196 1238 sunt.
234 1199 267 1236 ec
285 1184 407 1251 primum
425 1182 649 1250 videndumst,
673 1183 957 1254 dequercugttur}
996 1181 1144 1250 quaeritur-

123 1255 282 1309 subicetum
300 1255 411 1326 generis
435 1253 565 1308 feminini
587 1254 735 1307 verborum
759 1257 855 1320 ἔχουσι
877 1258 906 1307 ct
922 1253 1141 1322 ὑφειστήκεσαν,

122 1328 197 1395 quod
215 1327 263 1380 vix
282 1327 400 1380 dubium
419 1330 462 1380 est
481 1325 550 1394 quin
573 1325 649 1378 idem
668 1325 826 1396 significare
846 1326 948 1378 debeut
967 1327 1053 1392 utque
1072 1326 1142 1391 φάζ-

123 1417 197 1465 ματα
216 1398 277 1468 (eol.
294 1397 332 1451 III
349 1417 375 1452 v.
391 1397 453 1471 tlt).
490 1397 619 1467 supplevi
641 1396 731 1468 igitur
754 1397 784 1450 in
806 1397 897 1466 primu
921 1396 1052 1451 columne
1070 1413 1143 1462 φαν-

121 1471 222 1524 τασίαι.
259 1470 335 1523 idem
354 1470 460 1524 Usener
485 1471 594 1535 censet,
625 1485 688 1522 cum
713 1469 744 1522 in
770 1469 865 1523 adnot.
884 1487 911 1539 p.
931 1474 982 1522 427
1008 1466 1143 1536 proponit

122 1541 185 1610 (col.
200 1541 213 1593 I
230 1560 256 1595 τ.
272 1544 297 1610 9)
328 1541 368 1613 [αἱ
392 1543 423 1596 δὲ
444 1547 504 1596 τῶν
527 1542 695 1610 φασμάτων]
724 1545 786 1596 όιαθ
815 1555 872 1606 σεις
893 1544 939 1595 καὶ
961 1539 1031 1594 ἰδέαι
1055 1539 1143 1609 duln-

122 1630 189 1680 κρυς
207 1617 263 1667 κτλ.
301 1629 373 1681 ques
393 1615 489 1666 autem
507 1611 577 1665 Heb.
598 1615 627 1666 et
644 1612 706 1666 Καί.
726 1615 859 1682 εαρρειιέ
881 1611 922 1682 [αἱ
940 1611 1069 1733 duxeras]
1083 1613 1143 1664 vbio

122 1684 235 1754 θέ[σεις]
265 1683 404 1752 quomodo
433 1701 497 1737 cnm
524 1683 707 1752 sequentibus
731 1687 887 1754 congruunt
913 1699 971 1736 non
997 1683 1057 1735 inte
1069 1681 1142 1751 lego.

122 1754 173 1807 has
194 1758 287 1808 eutem
305 1755 434 1808 notiones
457 1755 534 1808 idem
550 1755 644 1808 velere
668 1754 739 1808 dicit
758 1755 886 1823 scriptor,
913 1754 937 1806 si
956 1753 993 1806 ed
1012 1753 1143 1806 absentes

122 1839 166 1878 res
189 1825 244 1894 (vel
267 1825 404 1896 homines)
431 1827 507 1895 quod
530 1825 555 1880 si
578 1827 614 1880 ed
637 1829 800 1895 praesentes
822 1825 1143 1894 pertineant(v.1-3).

122 1897 198 1964 quod
220 1899 253 1949 ut
277 1897 462 1965 demonstret,
490 1898 561 1952 dicit
583 1897 711 1952 notiones
734 1914 790 1951 non
812 1914 894 1967 posse
912 1914 1000 1950 manu
1019 1911 1143 1964 compre-

122 1967 209 2021 hendi
232 1969 328 2036 (ἁπταὶ
351 1971 404 2024 οὐκ
427 1971 533 2038 οὖσαι),
561 1970 610 2024 sed
639 1969 732 2022 animo
754 1968 800 2023 vel
826 1969 936 2022 ratione
964 1967 1143 2037 (διανοηταί).

122 2039 216 2093 adbuc
232 2056 277 2092 res
296 2041 445 2110 perspicue
464 2045 515 2095 est.
553 2040 760 2095 admonendum
779 2044 823 2094 est
841 2043 962 2106 tentum,
988 2038 1143 2092 secundum

122 2109 275 2179 Epicurum
302 2111 430 2166 homines
458 2116 490 2166 ut
518 2112 606 2166 oeulis
634 2112 751 2167 videant
779 2113 821 2166 itu
844 2116 873 2166 st
897 2111 990 2165 sn'imo
1013 2109 1143 2163 notiones

122 2182 265 2251 quaslibet
283 2183 516 2252 comprehendere
535 2201 586 2254 per
609 2184 760 2238 simulacre
779 2201 795 2237 e
814 2184 897 2237 rebus
917 2181 1063 2236 affluentis
1081 2179 1142 2249 (eir.

122 2253 173 2322 Ep.
194 2271 237 2322 ep.
256 2254 269 2308 Ι
288 2260 322 2307 49
351 2258 532 2321 ἐπεισιόντος.
549 2258 626 2322 τινός
653 2258 708 2311 ἀπό
736 2262 795 2310 τῶν
825 2259 928 2310 ἔξωθεν
954 2256 1005 2320 τὰς
1033 2254 1145 2320 μορφόις

122 2328 193 2394 όρόν
210 2328 284 2393 ἡμᾶς
297 2330 342 2380 καί
356 2329 544 2396 διανοεῖσθαι).
582 2327 665 2397 plene
684 2327 774 2399 igitur
786 2345 846 2381 rem
863 2326 961 2380 intelle
997 2340 1098 2389 remus,
1119 2323 1144 2375 si

122 2396 264 2464 notiones,
293 2399 398 2468 quippe
422 2415 494 2467 quse
517 2416 568 2468 per
587 2399 738 2453 simulacra
754 2400 786 2452 in
804 2399 930 2452 animum
949 2415 965 2450 ιι
997 2395 1096 2449 uentis
1115 2396 1144 2447 et

122 2485 209 2522 manu
236 2486 292 2523 non
320 2470 586 2539 comprehensibilia
613 2471 784 2536 efficientur,
813 2471 931 2524 eundem
953 2467 1011 2522 rim
1040 2465 1143 2520 hebere

123 2539 238 2606 diceret,
257 2540 281 2594 si
297 2541 337 2596 nb
356 2541 521 2596 absentibus
540 2542 702 2596 hominibus
721 2560 756 2596 ex
768 2559 872 2614 magno
890 2539 1039 2595 intervallo
1058 2541 1144 2606 etque

124 2610 149 2664 si
172 2629 189 2664 ιι
211 2612 408 2680 praesentibus
433 2632 467 2667 ex
489 2614 648 2684 propinquo
670 2614 807 2668 venirent.
844 2613 964 2684 legimus
988 2613 1083 2664 eutem
1102 2625 1144 2683 ses

123 2683 276 2751 quentibus
294 2685 422 2739 versibus
445 2689 498 2754 τὴν
517 2688 607 2752 αὐτὴν
627 2688 696 2740 όσον
715 2687 762 2754 ἐφ’
780 2688 892 2751 ἑαυταῖς
914 2687 1010 2751 ἔχουσι
1028 2683 1145 2746 δύναμιν

123 2755 197 2829 πρὸς
211 2757 278 2819 τοὺς
296 2759 438 2824 παρόντας
455 2763 490 2824 τῆ
506 2759 555 2813 ότε
573 2761 619 2812 καί
633 2760 785 2825 παρόντων
799 2757 913 2811 ἐκείνων
927 2752 1144 2821 ὑφειστήκεσαν.

123 2841 181 2891 qua
200 2843 230 2878 re
249 2843 324 2881 nunc
342 2827 486 2896 paulisper
504 2828 608 2882 emisse
625 2829 748 2897 primum
767 2846 801 2882 ee
820 2825 1048 2894 contemplemur,
1073 2840 1145 2891 quae

124 2895 161 2949 ab
181 2895 303 2952 Usenero
323 2902 352 2952 et
371 2899 527 2954 editoribus
541 2900 699 2954 Austriecis
718 2900 858 2969 temptate
872 2900 945 2951 sunt.
975 2894 1146 2963 septimum

124 2967 203 3035 quod
223 2967 330 3023 Usener
356 2970 460 3025 conicit
487 2975 540 3039 τὴν
566 2974 656 3039 αιίτὴν
670 3015 675 3026 .
688 2974 818 3038 ..ἔχουσι
843 2972 958 3036 δύναμιν
984 2969 1055 3035 πρός
1078 2969 1148 3032 τοὺς

123 3040 248 3105 ἀπόντας
266 3041 336 3110 (sive
357 3046 393 3109 μὴ
413 3045 566 3112 παρόντας)
585 3049 620 3110 τῆ
642 3046 689 3098 ότε
709 3046 753 3097 καὶ
771 3044 921 3108 παρόντων
936 3040 1051 3094 ἐκείνων
1066 3040 1146 3106 ὑφει-

122 3112 265 3177 στήκεσαν
292 3113 392 3167 melius
422 3131 481 3168 esse
509 3115 623 3168 videtur
651 3131 737 3183 quam
765 3112 840 3180 quod
866 3110 910 3164 illi
932 3110 1070 3180 praebent
1093 3111 1146 3175 τὴν

124 3184 214 3249 αὐτὴν
306 3187 400 3252 ἔχουσι
430 3189 546 3254 δύναμιν
572 3188 642 3254 πρός
663 3188 731 3248 τοὺς
754 3186 896 3251 παρόντας
917 3188 952 3250 τῆ
977 3184 1026 3237 ότε
1045 3185 1089 3235 καί
1109 3184 1146 3247 μὴ

122 3256 276 3321 παρόντων
299 3257 414 3311 ἐκείνων
433 3259 650 3325 ὑφειστήκεσαν.
687 3272 779 3324 neque
802 3255 877 3309 enim
896 3254 1042 3324 probetur,
1066 3269 1149 3321 prue-

123 3325 248 3379 sentium
271 3326 416 3382 hominurn
441 3329 570 3384 notiones
593 3329 670 3382 idem
687 3327 781 3381 velere
800 3330 885 3395 etque
905 3324 1078 3390 absentium,
1097 3323 1148 3376 sed

122 3396 286 3451 absentium
305 3398 380 3454 idem
400 3404 484 3470 utque
504 3400 704 3472 praesentium.
742 3399 792 3452 sed
810 3398 926 3452 Useneri
951 3413 1062 3465 quoque
1086 3411 1147 3448 mn·

122 3467 197 3521 telio
211 3468 325 3534 placere
344 3488 400 3526 non
418 3476 521 3542 potest.
552 3471 628 3541 [quid
647 3471 723 3530 enim
742 3475 793 3537 cst,
812 3471 941 3524 notiones
956 3467 1074 3521 eundem
1088 3466 1148 3519 vim

102 3535 216 3622 habere
241 3543 327 3606 πρὸς
344 3547 414 3611 τοὺς
429 3547 559 3612 ἀπόντας
576 3549 610 3615 τῆ
632 3545 681 3601 ότε
700 3548 746 3599 καί
763 3544 913 3613 παρόντων
933 3541 1047 3596 ἐκείνων
1066 3541 1148 3606 ὕφει·
