2430 3840
491 114 730 194 -w-'

81 331 141 388 quo
167 312 203 370 de
227 311 443 388 cupiditatibus
467 310 578 370 dietum
604 314 656 384 cst,
679 311 763 369 nulla
781 312 950 389 fragmenta
973 315 1099 371 exstent.

80 433 126 443 -
148 403 264 460 restant
282 402 333 460 irr.
350 401 481 458 66—70
497 393 761 482 (XXV—XXVI).
791 419 866 475 quae
885 402 916 458 in
937 401 1098 460 secundum

84 492 176 566 caput
194 487 266 564 περὶ
285 485 442 563 πράξεων,
462 489 541 564 quod
559 489 673 548 indicat
686 489 835 566 Diogenes
854 491 888 547 fr.
906 491 946 548 63
963 482 1099 571 (xxix),

83 581 218 639 referunt
241 578 397 654 Heberdey
421 581 450 636 et
468 578 609 653 Kalinka,
631 597 691 637 uon
713 581 792 638 recte
815 582 851 636 ut
873 579 986 654 opinor.
1027 599 1099 639 nam

84 670 213 744 scriptor
232 687 298 727 cum
317 667 371 742 „de
391 665 575 726 actionibus“
591 667 746 742 disputans
762 668 800 726 ad
813 669 941 726 virtutes
960 670 1100 742 venisset,

81 758 107 816 si
131 759 277 832 quantum
306 775 355 816 eas
384 756 423 816 ad
448 756 568 815 beatem
595 758 691 815 vitam
719 757 887 816 conferrent
914 758 1097 817 demonstra-

78 847 184 925 yisset,
217 848 295 905 certe
328 847 370 904 sic
401 847 463 904 fere
495 846 580 920 loqui
611 847 723 920 potuit:
751 846 822 920 „has
850 846 887 904 ad
916 865 990 920 quas
1017 865 1097 905 nunc

79 936 215 994 venimus
234 937 360 994 virtutes
383 954 443 992 non
467 934 554 992 debet
577 935 716 994 arbitrari
735 937 833 1010 ipsum
853 953 916 994 esse
934 932 1029 1008 τέλος
1048 937 1097 995 vel

81 1025 178 1100 ipsam
201 1043 263 1084 esse
287 1023 381 1082 vitam
404 1023 532 1098 beatam,
555 1024 607 1082 sed
630 1023 744 1082 efficere
767 1027 886 1082 tantum
908 1023 1019 1083 illam“.
1064 1028 1099 1084 at

81 1115 123 1173 sic
146 1132 205 1172 non
228 1113 363 1189 loquitur
385 1113 446 1187 ille,
470 1112 522 1172 sed
544 1112 618 1171 dicit
639 1114 675 1171 fr.
696 1106 789 1191 66l67
807 1104 918 1194 (XXV)
943 1115 996 1172 col.
1016 1114 1045 1172 1:
1058 1109 1095 1174 ,εἰ

80 1200 139 1276 μὲν
164 1248 237 1261 ....
263 1197 433 1274 ἐπίσκεψιν
453 1195 547 1275 εἶχεν,
566 1198 595 1260 τί
619 1201 676 1274 τῆς
697 1198 901 1276 εὐδαιμονίας
920 1200 1095 1276 ποιητικόν,

80 1287 257 1366 ἐβούλοντο
282 1286 313 1350 δ’
339 1285 428 1350 οὗτοι
456 1287 514 1364 τὰς
535 1285 652 1364 ἀρετὰς
672 1287 777 1361 λέγειν
797 1337 802 1350 .
819 1338 824 1350 .
842 1339 847 1350 .
864 1339 888 1362 .,
909 1288 1005 1351 οὐδὲν
1026 1287 1096 1352 ἄλλ’

80 1376 144 1440 ἔδει
177 1379 282 1440 ποιεῖν
314 1376 333 1452 ἢ
367 1376 496 1453 τούτοις
529 1379 909 1454 οιινομογνωμονούντας
938 1378 977 1454 μὴ
1010 1377 1100 1454 ἔχειν]

80 1465 260 1544 πράγματα.
309 1464 377 1527 ἐπεὶ
406 1463 447 1538 δ’,
476 1465 521 1542 ὡς
551 1465 649 1540 λέγω,
678 1466 716 1528 τὸ
740 1466 910 1543 πρόβλημα
933 1466 972 1528 οὐ
997 1467 1095 1530 ταύτό

45 1560 47 1564 ’
80 1554 177 1628 ἐστιν,
192 1554 221 1616 τί
236 1557 294 1631 τῆς
314 1553 518 1631 εὐδαιμονίας
538 1554 711 1630 ποιητικόν,
731 1555 760 1616 τί
779 1556 815 1616 δὲ
834 1555 872 1617 τὸ
893 1555 1095 1631 εὐδαιμονεῖν

81 1643 179 1717 ἐστιν,
204 1644 256 1706 καὶ
275 1641 314 1706 οὐ
333 1643 414 1706 κατὰ
432 1643 471 1706 τὸ
492 1642 633 1720 έσχατον
656 1642 675 1720 ἡ
701 1643 801 1721 φύσις
827 1643 918 1722 ἡμῶν
949 1643 1095 1722 ὀρέγεται

82 1729 116 1814 (i.
131 1756 154 1796 e.
178 1733 217 1795 τὸ
240 1728 359 1811 τέλος),
383 1733 442 1809 τὴν
467 1734 524 1808 μὲν
547 1732 669 1809 ἡδονήν
698 1752 777 1811 φημι
806 1734 857 1796 καὶ
880 1736 939 1796 νῦν
959 1734 1009 1796 καὶ
1033 1733 1096 1797 αἰεὶ

80 1869 176 1884 .....
191 1869 203 1884 .
222 1824 280 1897 τῆς
309 1820 443 1898 ἀρίστης
473 1825 636 1898 διαγωγῆς
665 1821 821 1899 ὑπάρχειν
844 1822 951 1898 τέλος,
976 1822 1034 1900 τάς
1059 1825 1095 1886 δὲ

80 1907 197 1987 ἀρετὰς
212 1959 218 1972 .
234 1959 240 1972 .
257 1961 263 1972 .
279 1960 285 1973 .
300 1910 395 1987 τέλος
415 1912 472 1987 μὲν
487 1911 644 1988 οὐδαμοῦ,
665 1911 831 1989 ποιητικὰς
851 1913 886 1974 δὲ
905 1915 964 1974 τού
978 1911 1094 1989 τέλους

80 1996 169 2072 εἶναι,
193 2003 275 2078 quod
296 2006 400 2078 postea
424 2004 624 2062 demonstrare
648 2004 755 2062 studet.
792 2005 876 2063 vides
899 2005 931 2062 id
954 2023 1095 2080 quaerere

80 2093 264 2167 scriptorem,
288 2092 358 2167 quid
383 2089 478 2166 τέλος
502 2094 542 2151 sit
562 2085 604 2174 (τί
623 2090 661 2151 τὸ
681 2089 883 2167 εὐδαιμονεῖν
904 2085 1016 2174 ἐστιν),
1035 2114 1100 2169 non,

78 2181 183 2256 quales
210 2183 338 2240 virtutes
366 2181 440 2256 sint,
469 2183 499 2241 et
522 2200 571 2240 ecs
593 2181 821 2257 reprehendere,
845 2185 898 2258 qui
920 2183 976 2241 hoc
999 2179 1094 2256 τέλος

80 2269 116 2326 de
139 2288 199 2345 quc
224 2273 393 2346 quaeratur,
412 2271 540 2330 virtutes
560 2289 623 2330 esse
642 2272 755 2346 putent.
801 2273 904 2347 itaque
922 2271 996 2330 haec
1014 2273 1094 2348 frag-
1175 2335 1176 2338 ς

81 2360 182 2418 menta
205 2376 272 2418 cum
291 2362 436 2435 appareat
450 2379 510 2418 non
529 2377 591 2418 esse
609 2360 764 2418 referenda
782 2359 814 2418 in
832 2359 917 2418 illam
936 2361 1095 2420 secundom

78 2449 196 2523 partem
223 2448 451 2524 disputationis,
479 2452 569 2524 atque
597 2467 664 2508 cum
692 2468 728 2507 ne
755 2448 787 2506 in
819 2449 948 2525 primam
975 2451 1096 2525 quidem

77 2538 195 2612 partem
219 2538 378 2612 quadrent,
402 2557 463 2613 qua
487 2538 522 2596 de
546 2538 699 2596 affectibus
720 2538 828 2616 agitur,
851 2539 952 2614 potius
971 2543 1002 2598 et
1025 2543 1094 2598 ante

77 2625 155 2685 hauc
179 2629 209 2685 et
233 2629 302 2685 ante
324 2627 410 2686 illam
433 2629 465 2684 in
488 2626 575 2686 initio
600 2628 704 2702 scripti
726 2628 864 2702 ponenda
886 2631 964 2686 sunt.
997 2646 1097 2687 nonne
1138 2625 1141 2632 ’

76 2714 139 2773 iam
156 2715 192 2773 fr.
209 2716 250 2774 60
266 2707 395 2797 (ΧΧΠΙ)
411 2717 538 2790 scriptor
556 2716 592 2774 de
607 2734 722 2775 summo
740 2716 818 2776 bono
832 2715 987 2792 loquitur?
1006 2737 1094 2793 quem

77 2804 240 2862 verisimile
263 2807 309 2862 est
331 2805 463 2864 eiusdem
486 2806 649 2882 fragmenti
667 2805 720 2863 ccl.
735 2805 783 2863 ΙΠ
800 2807 981 2881 promisisse,
1005 2807 1040 2865 de
1059 2826 1095 2866 ea

74 2912 107 2950 re
131 2911 162 2951 ee
189 2895 294 2968 postea
322 2896 457 2952 acturum
486 2912 556 2952 esse.
602 2894 705 2969 itaque
733 2893 910 2954 credendum
938 2899 995 2970 est,
1022 2895 1094 2954 Dio·

76 3000 182 3058 genem
201 2983 245 3040 ita
264 2984 442 3058 opusculum
461 3002 548 3042 suum
565 2982 741 3056 instituisse,
759 2986 794 3041 ut
811 2986 942 3059 primum
961 3004 1036 3061 quae
1056 2987 1094 3044 ab

77 3070 233 3146 Epicureis
256 3071 373 3130 ratione
392 3068 465 3146 περὶ
483 3069 598 3145 τέλους
618 3072 792 3131 docerentur
811 3077 970 3148 exponeret
993 3077 1023 3133 et
1042 3075 1095 3135 ad-

77 3159 224 3218 versarios
244 3152 389 3241 (Stoicos)
408 3161 566 3236 refelleret,
585 3161 691 3220 deinde
710 3164 819 3236 autem,
838 3165 998 3238 postquam
1016 3159 1095 3236 ἡδοε

76 3245 136 3320 νὴν
156 3266 305 3307 summum
322 3249 434 3308 bonum
453 3268 516 3310 esse
534 3250 721 3323 ostendisset,
745 3252 920 3327 explicaret,
944 3253 1097 3327 quomodo,

77 3338 109 3394 in
127 3338 209 3396 vitae
226 3356 282 3396 usu
300 3339 385 3399 nobis
404 3339 477 3398 heec
496 3339 621 3399 scientie
641 3339 808 3399 adhibenda
826 3343 904 3399 esset
918 3333 983 3420 (cfr.
998 3343 1034 3400 fr.
1051 3343 1096 3401 63,

78 3419 304 3504 [xxlx]eol.1
334 3422 441 3507 ἡμ[εῑς
469 3421 640 3507 ζητο]ὐμεν
663 3423 737 3501 ἤδη,
770 3428 841 3503 πῶς
865 3425 883 3487 δ
909 3426 977 3503 βίος
1000 3426 1093 3504 ἡμεῖν

76 3509 157 3588 ἡδὺς
180 3508 332 3597 γένηται).
