<?xml version="1.0" encoding="UTF-8"?>
<!DOCTYPE html PUBLIC "-//W3C//DTD XHTML 1.0 Transitional//EN"
    "http://www.w3.org/TR/xhtml1/DTD/xhtml1-transitional.dtd">
<html xmlns="http://www.w3.org/1999/xhtml" xml:lang="en" lang="en">
 <head>
  <title>
</title>
<meta http-equiv="Content-Type" content="text/html;charset=utf-8" />
  <meta name='ocr-system' content='tesseract 3.04.00' />
  <meta name='ocr-capabilities' content='ocr_page ocr_carea ocr_par ocr_line ocrx_word'/>
</head>
<body>
  <div class='ocr_page' id='page_1' title='image "./diogenisoenoand00dioggoog_0152.png"; bbox 0 0 2430 3840; ppageno 0'>
   <div class='ocr_carea' id='block_1_1' title="bbox 508 134 752 199">
    <p class='ocr_par' dir='ltr' id='par_1_1' title="bbox 508 134 752 199">
     <span class='ocr_line' id='line_1_1' title="bbox 508 134 752 199; baseline 0 0"><span class='ocrx_word' id='word_1_1' title='bbox 508 134 752 199; x_wconf 86' lang='lat'>-103-</span> 
     </span>
    </p>
   </div>
   <div class='ocr_carea' id='block_1_2' title="bbox 112 292 1138 1076">
    <p class='ocr_par' dir='ltr' id='par_1_2' title="bbox 113 292 1138 508">
     <span class='ocr_line' id='line_1_2' title="bbox 113 292 1137 364; baseline -0.002 -14"><span class='ocrx_word' id='word_1_2' title='bbox 113 296 168 350; x_wconf 88' lang='lat' dir='ltr'>col.</span> <span class='ocrx_word' id='word_1_3' title='bbox 182 294 221 348; x_wconf 85' lang='lat' dir='ltr'>III</span> <span class='ocrx_word' id='word_1_4' title='bbox 243 299 301 348; x_wconf 71' lang='lat' dir='ltr'>ut</span> <span class='ocrx_word' id='word_1_5' title='bbox 326 295 355 347; x_wconf 87' lang='lat' dir='ltr'>et</span> <span class='ocrx_word' id='word_1_6' title='bbox 377 293 461 347; x_wconf 91' lang='lat' dir='ltr'>huius</span> <span class='ocrx_word' id='word_1_7' title='bbox 487 292 641 361; x_wconf 86' lang='lat' dir='ltr'>fragmenti</span> <span class='ocrx_word' id='word_1_8' title='bbox 665 292 716 348; x_wconf 91' lang='lat' dir='ltr'>col.</span> <span class='ocrx_word' id='word_1_9' title='bbox 731 293 770 346; x_wconf 91' lang='lat' dir='ltr'>III</span> <span class='ocrx_word' id='word_1_10' title='bbox 788 298 845 346; x_wconf 84' lang='lat' dir='ltr'>v.9</span> <span class='ocrx_word' id='word_1_11' title='bbox 870 297 1035 364; x_wconf 89' lang='grc' dir='ltr'>βαρεῖσθαι),</span> <span class='ocrx_word' id='word_1_12' title='bbox 1064 295 1137 348; x_wconf 91' lang='lat' dir='ltr'>bono</span> 
     </span>
     <span class='ocr_line' id='line_1_3' title="bbox 115 364 1138 434; baseline 0 -13"><span class='ocrx_word' id='word_1_13' title='bbox 115 368 210 421; x_wconf 88' lang='lat' dir='ltr'>animo</span> <span class='ocrx_word' id='word_1_14' title='bbox 230 383 303 431; x_wconf 79' lang='lat' dir='ltr'>esse,</span> <span class='ocrx_word' id='word_1_15' title='bbox 333 365 458 419; x_wconf 90' lang='lat' dir='ltr'>animum</span> <span class='ocrx_word' id='word_1_16' title='bbox 478 364 609 434; x_wconf 80' lang='lat' dir='ltr'>colligere</span> <span class='ocrx_word' id='word_1_17' title='bbox 629 364 708 418; x_wconf 90' lang='lat' dir='ltr'>iubet</span> <span class='ocrx_word' id='word_1_18' title='bbox 727 365 761 416; x_wconf 92' lang='lat' dir='ltr'>de</span> <span class='ocrx_word' id='word_1_19' title='bbox 781 381 814 416; x_wconf 92' lang='lat' dir='ltr'>ea</span> <span class='ocrx_word' id='word_1_20' title='bbox 831 381 861 416; x_wconf 89' lang='lat' dir='ltr'>re</span> <span class='ocrx_word' id='word_1_21' title='bbox 881 366 940 434; x_wconf 81' lang='grc' dir='ltr'>(ἐφ’</span> <span class='ocrx_word' id='word_1_22' title='bbox 958 365 1000 431; x_wconf 82' lang='grc' dir='ltr'>οἷς</span> <span class='ocrx_word' id='word_1_23' title='bbox 1017 369 1138 433; x_wconf 86' lang='grc' dir='ltr'>πράττο-</span> 
     </span>
     <span class='ocr_line' id='line_1_4' title="bbox 117 435 974 508; baseline -0.006 -16"><span class='ocrx_word' id='word_1_24' title='bbox 117 441 189 508; x_wconf 86' lang='grc' dir='ltr'>μεν),</span> <span class='ocrx_word' id='word_1_25' title='bbox 210 437 344 505; x_wconf 87' lang='lat' dir='ltr'>quoniam</span> <span class='ocrx_word' id='word_1_26' title='bbox 364 455 378 489; x_wconf 91' lang='lat' dir='ltr'>e</span> <span class='ocrx_word' id='word_1_27' title='bbox 399 436 539 490; x_wconf 90' lang='lat' dir='ltr'>contrario</span> <span class='ocrx_word' id='word_1_28' title='bbox 557 435 664 489; x_wconf 89' lang='lat' dir='ltr'>talibus</span> <span class='ocrx_word' id='word_1_29' title='bbox 683 435 764 489; x_wconf 90' lang='lat' dir='ltr'>bonis</span> <span class='ocrx_word' id='word_1_30' title='bbox 781 435 900 489; x_wconf 81' lang='lat' dir='ltr'>fruatur.</span> <span class='ocrx_word' id='word_1_31' title='bbox 972 475 974 477; x_wconf 84' lang='lat'>-</span> 
     </span>
    </p>

    <p class='ocr_par' dir='ltr' id='par_1_3' title="bbox 115 508 1137 791">
     <span class='ocr_line' id='line_1_5' title="bbox 190 508 1137 576; baseline 0.001 -14"><span class='ocrx_word' id='word_1_32' title='bbox 190 509 241 562; x_wconf 90' lang='lat' dir='ltr'>col.</span> <span class='ocrx_word' id='word_1_33' title='bbox 257 508 295 561; x_wconf 93' lang='lat' dir='ltr'>III</span> <span class='ocrx_word' id='word_1_34' title='bbox 313 526 339 562; x_wconf 88' lang='lat' dir='ltr'>v.</span> <span class='ocrx_word' id='word_1_35' title='bbox 357 513 424 561; x_wconf 73' lang='lat'>1-7</span> <span class='ocrx_word' id='word_1_36' title='bbox 446 509 491 562; x_wconf 84' lang='grc' dir='ltr'>διὰ</span> <span class='ocrx_word' id='word_1_37' title='bbox 508 509 545 562; x_wconf 53' lang='grc' dir='ltr'>τὸ1</span> <span class='ocrx_word' id='word_1_38' title='bbox 560 510 628 572; x_wconf 86' lang='grc' dir='ltr'>τοὺς</span> <span class='ocrx_word' id='word_1_39' title='bbox 645 508 746 575; x_wconf 83' lang='grc' dir='ltr'>φίλους</span> <span class='ocrx_word' id='word_1_40' title='bbox 764 511 808 562; x_wconf 85' lang='grc' dir='ltr'>καί</span> <span class='ocrx_word' id='word_1_41' title='bbox 826 509 859 561; x_wconf 90' lang='grc' dir='ltr'>τὸ</span> <span class='ocrx_word' id='word_1_42' title='bbox 877 508 929 561; x_wconf 90' lang='grc' dir='ltr'>τὸν</span> <span class='ocrx_word' id='word_1_43' title='bbox 947 510 1055 575; x_wconf 87' lang='grc' dir='ltr'>πατέρα</span> <span class='ocrx_word' id='word_1_44' title='bbox 1069 511 1137 576; x_wconf 87' lang='grc' dir='ltr'>πέμ-</span> 
     </span>
     <span class='ocr_line' id='line_1_6' title="bbox 115 578 1137 643; baseline -0.003 -7"><span class='ocrx_word' id='word_1_45' title='bbox 115 598 191 636; x_wconf 88' lang='grc' dir='ltr'>πειν.</span> <span class='ocrx_word' id='word_1_46' title='bbox 202 621 210 636; x_wconf 93' lang='grc'>.</span> <span class='ocrx_word' id='word_1_47' title='bbox 221 623 227 635; x_wconf 95' lang='grc'>.</span> <span class='ocrx_word' id='word_1_48' title='bbox 239 584 296 634; x_wconf 79' lang='grc' dir='ltr'>,καί</span> <span class='ocrx_word' id='word_1_49' title='bbox 315 580 361 634; x_wconf 84' lang='grc' dir='ltr'>διὰ</span> <span class='ocrx_word' id='word_1_50' title='bbox 378 585 429 633; x_wconf 79' lang='grc' dir='ltr'>τοῦ</span> <span class='ocrx_word' id='word_1_51' title='bbox 446 580 582 643; x_wconf 83' lang='grc' dir='ltr'>Κλέωνος.</span> <span class='ocrx_word' id='word_1_52' title='bbox 595 622 600 633; x_wconf 94' lang='grc'>.</span> <span class='ocrx_word' id='word_1_53' title='bbox 613 579 839 642; x_wconf 84' lang='grc' dir='ltr'>,ἀπεσταλκότος</span> <span class='ocrx_word' id='word_1_54' title='bbox 867 578 962 632; x_wconf 81' lang='lat' dir='ltr'>variae</span> <span class='ocrx_word' id='word_1_55' title='bbox 977 581 1137 633; x_wconf 74' lang='lat' dir='ltr'><strong>structurae</strong></span> 
     </span>
     <span class='ocr_line' id='line_1_7' title="bbox 115 649 1136 719; baseline -0.001 -14"><span class='ocrx_word' id='word_1_56' title='bbox 115 652 186 705; x_wconf 91' lang='lat' dir='ltr'>mire</span> <span class='ocrx_word' id='word_1_57' title='bbox 205 653 417 719; x_wconf 91' lang='lat' dir='ltr'>componuntur.</span> <span class='ocrx_word' id='word_1_58' title='bbox 451 667 507 703; x_wconf 93' lang='lat' dir='ltr'>non</span> <span class='ocrx_word' id='word_1_59' title='bbox 525 649 646 703; x_wconf 90' lang='lat' dir='ltr'>multum</span> <span class='ocrx_word' id='word_1_60' title='bbox 666 650 755 717; x_wconf 87' lang='lat' dir='ltr'>abest,</span> <span class='ocrx_word' id='word_1_61' title='bbox 775 650 843 717; x_wconf 91' lang='lat' dir='ltr'>quin</span> <span class='ocrx_word' id='word_1_62' title='bbox 858 650 981 719; x_wconf 80' lang='lat' dir='ltr'>corrigas</span> <span class='ocrx_word' id='word_1_63' title='bbox 995 649 1136 719; x_wconf 76' lang='lat' dir='ltr'>lapicidae</span> 
     </span>
     <span class='ocr_line' id='line_1_8' title="bbox 115 721 1082 791; baseline -0.001 -14"><span class='ocrx_word' id='word_1_64' title='bbox 115 740 238 777; x_wconf 88' lang='lat' dir='ltr'>errorem</span> <span class='ocrx_word' id='word_1_65' title='bbox 256 722 287 774; x_wconf 91' lang='lat' dir='ltr'>in</span> <span class='ocrx_word' id='word_1_66' title='bbox 305 724 499 779; x_wconf 74' lang='grc' dir='ltr'>ἀπεσταλκότα</span> <span class='ocrx_word' id='word_1_67' title='bbox 518 721 587 791; x_wconf 87' lang='lat' dir='ltr'>(scil.</span> <span class='ocrx_word' id='word_1_68' title='bbox 606 722 658 776; x_wconf 91' lang='grc' dir='ltr'>τὸν</span> <span class='ocrx_word' id='word_1_69' title='bbox 676 724 783 789; x_wconf 88' lang='grc' dir='ltr'>πατέρα</span> <span class='ocrx_word' id='word_1_70' title='bbox 802 723 847 775; x_wconf 84' lang='grc' dir='ltr'>διὰ</span> <span class='ocrx_word' id='word_1_71' title='bbox 864 727 916 775; x_wconf 81' lang='lat' dir='ltr'>rob</span> <span class='ocrx_word' id='word_1_72' title='bbox 937 723 1082 791; x_wconf 78' lang='grc' dir='ltr'>Κλέωνος).</span> 
     </span>
    </p>

    <p class='ocr_par' dir='ltr' id='par_1_4' title="bbox 112 791 1138 1006">
     <span class='ocr_line' id='line_1_9' title="bbox 188 791 1138 862; baseline 0.001 -15"><span class='ocrx_word' id='word_1_73' title='bbox 188 799 250 847; x_wconf 72' lang='grc' dir='ltr'>πθ</span> <span class='ocrx_word' id='word_1_74' title='bbox 279 798 427 861; x_wconf 78' lang='grc' dir='ltr'>βαρεῖσθαι.</span> <span class='ocrx_word' id='word_1_75' title='bbox 472 794 506 845; x_wconf 91' lang='lat' dir='ltr'>de</span> <span class='ocrx_word' id='word_1_76' title='bbox 532 808 601 846; x_wconf 84' lang='lat' dir='ltr'>voce</span> <span class='ocrx_word' id='word_1_77' title='bbox 629 791 677 846; x_wconf 88' lang='lat' dir='ltr'>cfr.</span> <span class='ocrx_word' id='word_1_78' title='bbox 701 792 792 846; x_wconf 89' lang='lat' dir='ltr'>Praef.</span> <span class='ocrx_word' id='word_1_79' title='bbox 812 811 839 861; x_wconf 91' lang='lat' dir='ltr'>p.</span> <span class='ocrx_word' id='word_1_80' title='bbox 855 792 946 845; x_wconf 86' lang='lat' dir='ltr'>XXVI</span> <span class='ocrx_word' id='word_1_81' title='bbox 964 795 1009 862; x_wconf 65' lang='grc' dir='ltr'>(τε</span> <span class='ocrx_word' id='word_1_82' title='bbox 1030 796 1138 861; x_wconf 87' lang='grc' dir='ltr'>βαρέως</span> 
     </span>
     <span class='ocr_line' id='line_1_10' title="bbox 117 863 1137 934; baseline -0.002 -14"><span class='ocrx_word' id='word_1_83' title='bbox 117 867 233 933; x_wconf 90' lang='grc' dir='ltr'>φέρειν),</span> <span class='ocrx_word' id='word_1_84' title='bbox 263 865 376 918; x_wconf 89' lang='lat' dir='ltr'>adrem</span> <span class='ocrx_word' id='word_1_85' title='bbox 396 864 444 918; x_wconf 86' lang='lat' dir='ltr'>cfr.</span> <span class='ocrx_word' id='word_1_86' title='bbox 465 864 498 918; x_wconf 83' lang='lat' dir='ltr'>fr.</span> <span class='ocrx_word' id='word_1_87' title='bbox 517 863 604 917; x_wconf 84' lang='lat' dir='ltr'>LXIII</span> <span class='ocrx_word' id='word_1_88' title='bbox 623 864 812 917; x_wconf 79' lang='lat' dir='ltr'>col.lH1-3</span> <span class='ocrx_word' id='word_1_89' title='bbox 833 866 862 917; x_wconf 89' lang='lat' dir='ltr'>et</span> <span class='ocrx_word' id='word_1_90' title='bbox 879 863 963 917; x_wconf 93' lang='lat' dir='ltr'>huius</span> <span class='ocrx_word' id='word_1_91' title='bbox 982 863 1137 934; x_wconf 89' lang='lat' dir='ltr'>fragmenti</span> 
     </span>
     <span class='ocr_line' id='line_1_11' title="bbox 112 936 965 1006; baseline -0.005 -15"><span class='ocrx_word' id='word_1_92' title='bbox 112 936 228 991; x_wconf 76' lang='grc'>’10119</span> <span class='ocrx_word' id='word_1_93' title='bbox 248 939 277 990; x_wconf 91' lang='lat' dir='ltr'>et</span> <span class='ocrx_word' id='word_1_94' title='bbox 295 952 368 1006; x_wconf 91' lang='lat' dir='ltr'>quae</span> <span class='ocrx_word' id='word_1_95' title='bbox 386 936 427 989; x_wconf 87' lang='lat' dir='ltr'>ibi</span> <span class='ocrx_word' id='word_1_96' title='bbox 447 936 625 989; x_wconf 71' lang='lat' dir='ltr'>adnotantur.</span> <span class='ocrx_word' id='word_1_97' title='bbox 962 944 965 949; x_wconf 87' lang='grc'><em>’</em></span> 
     </span>
    </p>

    <p class='ocr_par' dir='ltr' id='par_1_5' title="bbox 187 1005 1060 1076">
     <span class='ocr_line' id='line_1_12' title="bbox 187 1005 1060 1076; baseline 0 -16"><span class='ocrx_word' id='word_1_98' title='bbox 187 1008 289 1061; x_wconf 58' lang='grc'>19110</span> <span class='ocrx_word' id='word_1_99' title='bbox 309 1013 482 1076; x_wconf 84' lang='grc' dir='ltr'>συνχρήσθαι</span> <span class='ocrx_word' id='word_1_100' title='bbox 500 1007 618 1074; x_wconf 87' lang='lat' dir='ltr'>„intime</span> <span class='ocrx_word' id='word_1_101' title='bbox 637 1005 698 1059; x_wconf 84' lang='lat' dir='ltr'>uti“</span> <span class='ocrx_word' id='word_1_102' title='bbox 719 1006 767 1060; x_wconf 85' lang='lat' dir='ltr'>cfr.</span> <span class='ocrx_word' id='word_1_103' title='bbox 786 1006 878 1060; x_wconf 86' lang='lat' dir='ltr'>Praef.</span> <span class='ocrx_word' id='word_1_104' title='bbox 893 1025 921 1076; x_wconf 87' lang='lat' dir='ltr'>p.</span> <span class='ocrx_word' id='word_1_105' title='bbox 936 1005 1060 1060; x_wconf 89' lang='lat' dir='ltr'>XXVIII.</span> 
     </span>
    </p>
   </div>
   <div class='ocr_carea' id='block_1_3' title="bbox 113 1114 1138 1613">
    <p class='ocr_par' dir='ltr' id='par_1_6' title="bbox 115 1114 1138 1255">
     <span class='ocr_line' id='line_1_13' title="bbox 190 1114 1138 1183; baseline 0 -13"><span class='ocrx_word' id='word_1_106' title='bbox 190 1116 230 1170; x_wconf 82' lang='grc'>11.</span> <span class='ocrx_word' id='word_1_107' title='bbox 242 1115 321 1172; x_wconf 78' lang='lat' dir='ltr'>LXV</span> <span class='ocrx_word' id='word_1_108' title='bbox 336 1115 387 1170; x_wconf 92' lang='lat' dir='ltr'>col.</span> <span class='ocrx_word' id='word_1_109' title='bbox 403 1114 428 1167; x_wconf 92' lang='lat' dir='ltr'>II</span> <span class='ocrx_word' id='word_1_110' title='bbox 446 1132 471 1167; x_wconf 87' lang='lat' dir='ltr'>v.</span> <span class='ocrx_word' id='word_1_111' title='bbox 487 1120 574 1182; x_wconf 74' lang='lat' dir='ltr'>osqq.</span> <span class='ocrx_word' id='word_1_112' title='bbox 597 1117 727 1167; x_wconf 85' lang='lat' dir='ltr'>construe</span> <span class='ocrx_word' id='word_1_113' title='bbox 745 1115 801 1168; x_wconf 83' lang='grc' dir='ltr'>ὑπό</span> <span class='ocrx_word' id='word_1_114' title='bbox 817 1131 848 1168; x_wconf 88' lang='grc' dir='ltr'>τε</span> <span class='ocrx_word' id='word_1_115' title='bbox 863 1120 915 1183; x_wconf 83' lang='grc' dir='ltr'>σοῦ</span> <span class='ocrx_word' id='word_1_116' title='bbox 935 1117 1138 1181; x_wconf 89' lang='grc' dir='ltr'>συνσταθέντες</span> 
     </span>
     <span class='ocr_line' id='line_1_14' title="bbox 115 1186 758 1255; baseline -0.005 -14"><span class='ocrx_word' id='word_1_117' title='bbox 115 1190 188 1255; x_wconf 82' lang='grc' dir='ltr'>αὐτῆ</span> <span class='ocrx_word' id='word_1_118' title='bbox 206 1231 210 1241; x_wconf 96' lang='grc'>.</span> <span class='ocrx_word' id='word_1_119' title='bbox 228 1229 233 1241; x_wconf 93' lang='grc'>.</span> <span class='ocrx_word' id='word_1_120' title='bbox 250 1230 255 1242; x_wconf 92' lang='grc'>.</span> <span class='ocrx_word' id='word_1_121' title='bbox 271 1193 322 1241; x_wconf 81' lang='grc' dir='ltr'>τοῦ</span> <span class='ocrx_word' id='word_1_122' title='bbox 341 1204 373 1241; x_wconf 89' lang='grc' dir='ltr'>τε</span> <span class='ocrx_word' id='word_1_123' title='bbox 394 1186 550 1252; x_wconf 82' lang='grc' dir='ltr'>θαυμασίου</span> <span class='ocrx_word' id='word_1_124' title='bbox 571 1187 661 1252; x_wconf 89' lang='grc' dir='ltr'>Κάρου</span> <span class='ocrx_word' id='word_1_125' title='bbox 681 1203 705 1240; x_wconf 90' lang='grc' dir='ltr'>κ.</span> <span class='ocrx_word' id='word_1_126' title='bbox 724 1187 758 1239; x_wconf 92' lang='grc' dir='ltr'>Δ.</span> 
     </span>
    </p>

    <p class='ocr_par' dir='ltr' id='par_1_7' title="bbox 113 1254 1137 1613">
     <span class='ocr_line' id='line_1_15' title="bbox 186 1254 1135 1325; baseline 0 -13"><span class='ocrx_word' id='word_1_127' title='bbox 186 1278 212 1311; x_wconf 82' lang='lat' dir='ltr'>v.</span> <span class='ocrx_word' id='word_1_128' title='bbox 229 1264 263 1312; x_wconf 91' lang='lat'>10</span> <span class='ocrx_word' id='word_1_129' title='bbox 291 1258 354 1312; x_wconf 88' lang='grc' dir='ltr'>καθ’</span> <span class='ocrx_word' id='word_1_130' title='bbox 378 1259 411 1312; x_wconf 86' lang='grc' dir='ltr'>ὃν</span> <span class='ocrx_word' id='word_1_131' title='bbox 434 1259 538 1325; x_wconf 86' lang='grc' dir='ltr'>χρόνον</span> <span class='ocrx_word' id='word_1_132' title='bbox 561 1257 636 1310; x_wconf 88' lang='lat' dir='ltr'>redit</span> <span class='ocrx_word' id='word_1_133' title='bbox 659 1257 696 1309; x_wconf 91' lang='lat' dir='ltr'>ad</span> <span class='ocrx_word' id='word_1_134' title='bbox 719 1255 770 1310; x_wconf 88' lang='lat' dir='ltr'>col.</span> <span class='ocrx_word' id='word_1_135' title='bbox 785 1254 812 1308; x_wconf 93' lang='grc' dir='ltr'>Π</span> <span class='ocrx_word' id='word_1_136' title='bbox 829 1275 854 1309; x_wconf 84' lang='lat' dir='ltr'>v.</span> <span class='ocrx_word' id='word_1_137' title='bbox 876 1261 890 1308; x_wconf 78' lang='lat'><strong>2</strong></span> <span class='ocrx_word' id='word_1_138' title='bbox 911 1257 1036 1312; x_wconf 68' lang='lat' dir='ltr'>dcccxciv</span> <span class='ocrx_word' id='word_1_139' title='bbox 1055 1260 1135 1324; x_wconf 88' lang='grc' dir='ltr'>ἡμᾶς.</span> 
     </span>
     <span class='ocr_line' id='line_1_16' title="bbox 115 1327 1137 1399; baseline -0.002 -15"><span class='ocrx_word' id='word_1_140' title='bbox 115 1330 303 1399; x_wconf 82' lang='lat' dir='ltr'>comperimus</span> <span class='ocrx_word' id='word_1_141' title='bbox 316 1328 473 1399; x_wconf 82' lang='lat' dir='ltr'>Diogenem</span> <span class='ocrx_word' id='word_1_142' title='bbox 492 1327 634 1395; x_wconf 88' lang='lat' dir='ltr'>quondam</span> <span class='ocrx_word' id='word_1_143' title='bbox 653 1329 847 1398; x_wconf 77' lang='lat' dir='ltr'>aegrotantem</span> <span class='ocrx_word' id='word_1_144' title='bbox 861 1327 960 1381; x_wconf 85' lang='lat' dir='ltr'>Rhodo</span> <span class='ocrx_word' id='word_1_145' title='bbox 981 1329 1057 1396; x_wconf 92' lang='lat' dir='ltr'>apud</span> <span class='ocrx_word' id='word_1_146' title='bbox 1075 1346 1137 1382; x_wconf 92' lang='lat' dir='ltr'>mu·</span> 
     </span>
     <span class='ocr_line' id='line_1_17' title="bbox 113 1398 1135 1469; baseline -0.001 -15"><span class='ocrx_word' id='word_1_147' title='bbox 113 1401 214 1456; x_wconf 85' lang='lat' dir='ltr'>liorem</span> <span class='ocrx_word' id='word_1_148' title='bbox 234 1402 378 1469; x_wconf 88' lang='lat' dir='ltr'>quandam</span> <span class='ocrx_word' id='word_1_149' title='bbox 396 1399 541 1453; x_wconf 80' lang='lat' dir='ltr'>habitasse</span> <span class='ocrx_word' id='word_1_150' title='bbox 559 1399 655 1466; x_wconf 88' lang='lat' dir='ltr'>ibique</span> <span class='ocrx_word' id='word_1_151' title='bbox 675 1417 690 1451; x_wconf 90' lang='lat' dir='ltr'>e</span> <span class='ocrx_word' id='word_1_152' title='bbox 708 1398 805 1452; x_wconf 89' lang='lat' dir='ltr'>morbo</span> <span class='ocrx_word' id='word_1_153' title='bbox 825 1398 1007 1453; x_wconf 80' lang='lat' dir='ltr'>convaluisse.</span> <span class='ocrx_word' id='word_1_154' title='bbox 1043 1416 1135 1453; x_wconf 90' lang='lat' dir='ltr'>nonne</span> 
     </span>
     <span class='ocr_line' id='line_1_18' title="bbox 114 1469 1136 1540; baseline 0.001 -16"><span class='ocrx_word' id='word_1_155' title='bbox 114 1472 174 1525; x_wconf 88' lang='lat' dir='ltr'>illie</span> <span class='ocrx_word' id='word_1_156' title='bbox 202 1472 375 1540; x_wconf 88' lang='lat' dir='ltr'>temporibus</span> <span class='ocrx_word' id='word_1_157' title='bbox 404 1469 556 1539; x_wconf 89' lang='lat' dir='ltr'>epistulam</span> <span class='ocrx_word' id='word_1_158' title='bbox 584 1470 622 1522; x_wconf 90' lang='lat' dir='ltr'>ad</span> <span class='ocrx_word' id='word_1_159' title='bbox 644 1469 826 1538; x_wconf 85' lang='lat' dir='ltr'>Antipatrum</span> <span class='ocrx_word' id='word_1_160' title='bbox 854 1469 983 1538; x_wconf 79' lang='lat' dir='ltr'>scripsit?</span> <span class='ocrx_word' id='word_1_161' title='bbox 1022 1471 1065 1540; x_wconf 88' lang='lat' dir='ltr'>(fr.</span> <span class='ocrx_word' id='word_1_162' title='bbox 1084 1471 1136 1525; x_wconf 88' lang='lat' dir='ltr'>XV</span> 
     </span>
     <span class='ocr_line' id='line_1_19' title="bbox 115 1543 322 1613; baseline 0 -19"><span class='ocrx_word' id='word_1_163' title='bbox 115 1543 168 1594; x_wconf 92' lang='lat' dir='ltr'>col.</span> <span class='ocrx_word' id='word_1_164' title='bbox 183 1543 209 1594; x_wconf 92' lang='grc' dir='ltr'>Π</span> <span class='ocrx_word' id='word_1_165' title='bbox 226 1560 252 1596; x_wconf 77' lang='lat' dir='ltr'>v.</span> <span class='ocrx_word' id='word_1_166' title='bbox 268 1546 322 1613; x_wconf 89' lang='lat'>10.)</span> 
     </span>
    </p>
   </div>
   <div class='ocr_carea' id='block_1_4' title="bbox 115 1647 1135 1932">
    <p class='ocr_par' dir='ltr' id='par_1_8' title="bbox 189 1647 1101 1704">
     <span class='ocr_line' id='line_1_20' title="bbox 189 1647 1101 1704; baseline 0 -3"><span class='ocrx_word' id='word_1_167' title='bbox 189 1649 230 1701; x_wconf 83' lang='lat' dir='ltr'>fr.</span> <span class='ocrx_word' id='word_1_168' title='bbox 245 1647 342 1704; x_wconf 80' lang='lat' dir='ltr'>val</span> <span class='ocrx_word' id='word_1_169' title='bbox 360 1647 473 1701; x_wconf 91' lang='lat' dir='ltr'>initium</span> <span class='ocrx_word' id='word_1_170' title='bbox 494 1647 658 1701; x_wconf 88' lang='lat' dir='ltr'>testamenti</span> <span class='ocrx_word' id='word_1_171' title='bbox 676 1664 736 1700; x_wconf 88' lang='lat' dir='ltr'>esse</span> <span class='ocrx_word' id='word_1_172' title='bbox 754 1647 874 1702; x_wconf 87' lang='lat' dir='ltr'>videtur.</span> <span class='ocrx_word' id='word_1_173' title='bbox 1099 1691 1101 1694; x_wconf 14' lang='grc' dir='ltr'><em>Α</em></span> 
     </span>
    </p>

    <p class='ocr_par' dir='ltr' id='par_1_9' title="bbox 115 1718 1135 1932">
     <span class='ocr_line' id='line_1_21' title="bbox 187 1718 1135 1789; baseline 0.002 -17"><span class='ocrx_word' id='word_1_174' title='bbox 187 1737 213 1772; x_wconf 85' lang='grc' dir='ltr'>ν.</span> <span class='ocrx_word' id='word_1_175' title='bbox 230 1725 261 1773; x_wconf 92' lang='grc'>11</span> <span class='ocrx_word' id='word_1_176' title='bbox 283 1722 317 1774; x_wconf 88' lang='grc' dir='ltr'>ἂν</span> <span class='ocrx_word' id='word_1_177' title='bbox 332 1721 368 1786; x_wconf 84' lang='grc' dir='ltr'>μὴ</span> <span class='ocrx_word' id='word_1_178' title='bbox 385 1722 553 1786; x_wconf 82' lang='grc' dir='ltr'>διαγένωμαι</span> <span class='ocrx_word' id='word_1_179' title='bbox 568 1719 606 1789; x_wconf 80' lang='grc' dir='ltr'>δ’]</span> <span class='ocrx_word' id='word_1_180' title='bbox 628 1718 662 1771; x_wconf 92' lang='lat' dir='ltr'>de</span> <span class='ocrx_word' id='word_1_181' title='bbox 677 1735 743 1773; x_wconf 86' lang='lat' dir='ltr'>voce</span> <span class='ocrx_word' id='word_1_182' title='bbox 763 1721 794 1774; x_wconf 80' lang='grc' dir='ltr'>δὲ</span> <span class='ocrx_word' id='word_1_183' title='bbox 811 1721 871 1772; x_wconf 89' lang='lat' dir='ltr'>tam</span> <span class='ocrx_word' id='word_1_184' title='bbox 890 1719 973 1789; x_wconf 90' lang='lat' dir='ltr'>longo</span> <span class='ocrx_word' id='word_1_185' title='bbox 998 1720 1033 1773; x_wconf 90' lang='lat' dir='ltr'>ab</span> <span class='ocrx_word' id='word_1_186' title='bbox 1051 1720 1135 1774; x_wconf 92' lang='lat' dir='ltr'>initio</span> 
     </span>
     <span class='ocr_line' id='line_1_22' title="bbox 115 1789 1134 1859; baseline 0.006 -17"><span class='ocrx_word' id='word_1_187' title='bbox 115 1791 273 1844; x_wconf 87' lang='lat' dir='ltr'>sententiae</span> <span class='ocrx_word' id='word_1_188' title='bbox 297 1793 405 1845; x_wconf 91' lang='lat' dir='ltr'>remota</span> <span class='ocrx_word' id='word_1_189' title='bbox 424 1790 472 1844; x_wconf 85' lang='lat' dir='ltr'>cfr.</span> <span class='ocrx_word' id='word_1_190' title='bbox 492 1790 525 1844; x_wconf 85' lang='lat' dir='ltr'>fr.</span> <span class='ocrx_word' id='word_1_191' title='bbox 544 1790 631 1845; x_wconf 87' lang='lat' dir='ltr'>LXIV</span> <span class='ocrx_word' id='word_1_192' title='bbox 650 1789 759 1845; x_wconf 85' lang='lat' dir='ltr'>col.13</span> <span class='ocrx_word' id='word_1_193' title='bbox 787 1793 822 1845; x_wconf 87' lang='grc' dir='ltr'>ἂν</span> <span class='ocrx_word' id='word_1_194' title='bbox 846 1794 883 1858; x_wconf 82' lang='grc' dir='ltr'>μή</span> <span class='ocrx_word' id='word_1_195' title='bbox 908 1791 1073 1859; x_wconf 87' lang='grc' dir='ltr'>αἰσθάνηται</span> <span class='ocrx_word' id='word_1_196' title='bbox 1096 1795 1134 1848; x_wconf 85' lang='grc' dir='ltr'>δέ.</span> 
     </span>
     <span class='ocr_line' id='line_1_23' title="bbox 115 1863 870 1932; baseline 0 -17"><span class='ocrx_word' id='word_1_197' title='bbox 115 1879 180 1915; x_wconf 90' lang='lat' dir='ltr'>cum</span> <span class='ocrx_word' id='word_1_198' title='bbox 199 1878 265 1915; x_wconf 89' lang='lat' dir='ltr'>voce</span> <span class='ocrx_word' id='word_1_199' title='bbox 284 1867 330 1917; x_wconf 86' lang='grc' dir='ltr'>καί</span> <span class='ocrx_word' id='word_1_200' title='bbox 349 1863 499 1917; x_wconf 88' lang='lat' dir='ltr'>coniuncta</span> <span class='ocrx_word' id='word_1_201' title='bbox 518 1863 630 1932; x_wconf 86' lang='lat' dir='ltr'>saepius</span> <span class='ocrx_word' id='word_1_202' title='bbox 651 1863 691 1916; x_wconf 92' lang='lat' dir='ltr'>sic</span> <span class='ocrx_word' id='word_1_203' title='bbox 709 1865 870 1930; x_wconf 87' lang='lat' dir='ltr'>usurpatur.</span> 
     </span>
    </p>
   </div>
   <div class='ocr_carea' id='block_1_5' title="bbox 115 1969 1134 2108">
    <p class='ocr_par' dir='ltr' id='par_1_10' title="bbox 115 1969 1134 2108">
     <span class='ocr_line' id='line_1_24' title="bbox 159 1969 1134 2092; baseline 0.004 -71"><span class='ocrx_word' id='word_1_204' title='bbox 159 1969 230 2092; x_wconf 51' lang='lat' dir='ltr'>XII·</span> <span class='ocrx_word' id='word_1_205' title='bbox 241 1969 353 2023; x_wconf 82' lang='lat' dir='ltr'>LXVII</span> <span class='ocrx_word' id='word_1_206' title='bbox 373 1987 422 2022; x_wconf 90' lang='lat' dir='ltr'>cur</span> <span class='ocrx_word' id='word_1_207' title='bbox 436 1971 489 2023; x_wconf 90' lang='lat' dir='ltr'>huo</span> <span class='ocrx_word' id='word_1_208' title='bbox 504 1969 682 2023; x_wconf 85' lang='lat' dir='ltr'>referendum</span> <span class='ocrx_word' id='word_1_209' title='bbox 697 1985 758 2024; x_wconf 89' lang='lat' dir='ltr'>esse</span> <span class='ocrx_word' id='word_1_210' title='bbox 771 1972 909 2038; x_wconf 87' lang='lat' dir='ltr'>putarem,</span> <span class='ocrx_word' id='word_1_211' title='bbox 920 1969 985 2022; x_wconf 65' lang='lat' dir='ltr'>&#39;dixi</span> <span class='ocrx_word' id='word_1_212' title='bbox 999 1970 1029 2022; x_wconf 91' lang='lat' dir='ltr'>in</span> <span class='ocrx_word' id='word_1_213' title='bbox 1043 1970 1134 2040; x_wconf 78' lang='lat' dir='ltr'>Praei.</span> 
     </span>
     <span class='ocr_line' id='line_1_25' title="bbox 115 2058 217 2108; baseline 0 -16"><span class='ocrx_word' id='word_1_214' title='bbox 115 2058 144 2108; x_wconf 91' lang='lat' dir='ltr'>p.</span> <span class='ocrx_word' id='word_1_215' title='bbox 213 2083 217 2092; x_wconf 95' lang='lat'>.</span> 
     </span>
    </p>
   </div>
   <div class='ocr_carea' id='block_1_6' title="bbox 114 2147 1135 2787">
    <p class='ocr_par' dir='ltr' id='par_1_11' title="bbox 114 2147 1135 2787">
     <span class='ocr_line' id='line_1_26' title="bbox 189 2147 1135 2203; baseline 0.003 -3"><span class='ocrx_word' id='word_1_216' title='bbox 189 2147 231 2201; x_wconf 84' lang='lat' dir='ltr'>fr.</span> <span class='ocrx_word' id='word_1_217' title='bbox 245 2147 375 2202; x_wconf 82' lang='lat' dir='ltr'>LXVIII</span> <span class='ocrx_word' id='word_1_218' title='bbox 393 2147 460 2199; x_wconf 85' lang='lat' dir='ltr'>libri</span> <span class='ocrx_word' id='word_1_219' title='bbox 478 2147 592 2200; x_wconf 81' lang='lat' dir='ltr'>inItium</span> <span class='ocrx_word' id='word_1_220' title='bbox 611 2164 670 2200; x_wconf 89' lang='lat' dir='ltr'>esse</span> <span class='ocrx_word' id='word_1_221' title='bbox 687 2147 808 2200; x_wconf 84' lang='lat' dir='ltr'>videtur.</span> <span class='ocrx_word' id='word_1_222' title='bbox 844 2147 962 2201; x_wconf 82' lang='lat' dir='ltr'>fortasse</span> <span class='ocrx_word' id='word_1_223' title='bbox 977 2147 1048 2202; x_wconf 87' lang='lat' dir='ltr'>talia</span> <span class='ocrx_word' id='word_1_224' title='bbox 1062 2149 1135 2203; x_wconf 86' lang='lat' dir='ltr'>dixit</span> 
     </span>
     <span class='ocr_line' id='line_1_27' title="bbox 116 2218 1135 2288; baseline 0.004 -16"><span class='ocrx_word' id='word_1_225' title='bbox 116 2219 248 2288; x_wconf 88' lang='lat' dir='ltr'>scriptor:</span> <span class='ocrx_word' id='word_1_226' title='bbox 267 2235 355 2286; x_wconf 81' lang='lat' dir='ltr'>coepe,</span> <span class='ocrx_word' id='word_1_227' title='bbox 374 2219 594 2283; x_wconf 70' lang='lat' dir='ltr'>oodolesoeatea</span> <span class='ocrx_word' id='word_1_228' title='bbox 614 2225 638 2273; x_wconf 87' lang='lat' dir='ltr'>et</span> <span class='ocrx_word' id='word_1_229' title='bbox 652 2218 872 2288; x_wconf 61' lang='lat' dir='ltr'>aegrescebam,</span> <span class='ocrx_word' id='word_1_230' title='bbox 890 2221 963 2287; x_wconf 75' lang='lat' dir='ltr'>qaod</span> <span class='ocrx_word' id='word_1_231' title='bbox 975 2227 1135 2276; x_wconf 76' lang='lat' dir='ltr'>senectutem</span> 
     </span>
     <span class='ocr_line' id='line_1_28' title="bbox 114 2289 1135 2359; baseline 0.003 -15"><span class='ocrx_word' id='word_1_232' title='bbox 114 2291 143 2344; x_wconf 83' lang='lat' dir='ltr'>ei</span> <span class='ocrx_word' id='word_1_233' title='bbox 160 2291 350 2359; x_wconf 67' lang='lat' dir='ltr'>qainondam</span> <span class='ocrx_word' id='word_1_234' title='bbox 368 2289 462 2359; x_wconf 76' lang='lat' dir='ltr'>adepti</span> <span class='ocrx_word' id='word_1_235' title='bbox 479 2297 545 2344; x_wconf 81' lang='lat' dir='ltr'>suat</span> <span class='ocrx_word' id='word_1_236' title='bbox 562 2297 653 2344; x_wconf 81' lang='lat' dir='ltr'>tameo</span> <span class='ocrx_word' id='word_1_237' title='bbox 671 2297 812 2356; x_wconf 79' lang='lat' dir='ltr'>occaecat,</span> <span class='ocrx_word' id='word_1_238' title='bbox 831 2292 912 2358; x_wconf 79' lang='lat' dir='ltr'>quaet</span> <span class='ocrx_word' id='word_1_239' title='bbox 924 2293 1061 2347; x_wconf 80' lang='lat' dir='ltr'>molests&#39;oe</span> <span class='ocrx_word' id='word_1_240' title='bbox 1076 2294 1135 2347; x_wconf 79' lang='lat' dir='ltr'>etas</span> 
     </span>
     <span class='ocr_line' id='line_1_29' title="bbox 116 2360 1134 2431; baseline 0.002 -16"><span class='ocrx_word' id='word_1_241' title='bbox 116 2364 174 2417; x_wconf 79' lang='lat' dir='ltr'>iam</span> <span class='ocrx_word' id='word_1_242' title='bbox 201 2362 387 2430; x_wconf 73' lang='lat' dir='ltr'>cognoverint,</span> <span class='ocrx_word' id='word_1_243' title='bbox 415 2367 440 2415; x_wconf 87' lang='lat' dir='ltr'>et</span> <span class='ocrx_word' id='word_1_244' title='bbox 454 2403 527 2416; x_wconf 91' lang='grc'><strong>.....</strong></span> <span class='ocrx_word' id='word_1_245' title='bbox 569 2360 782 2428; x_wconf 88' lang='lat' dir='ltr'>insequentibus</span> <span class='ocrx_word' id='word_1_246' title='bbox 810 2361 977 2431; x_wconf 84' lang='lat' dir='ltr'>fragmentis</span> <span class='ocrx_word' id='word_1_247' title='bbox 1005 2367 1134 2417; x_wconf 88' lang='lat' dir='ltr'>senectus</span> 
     </span>
     <span class='ocr_line' id='line_1_30' title="bbox 115 2431 1133 2500; baseline 0.003 -14"><span class='ocrx_word' id='word_1_248' title='bbox 115 2432 285 2486; x_wconf 88' lang='lat' dir='ltr'>defenditur.</span> <span class='ocrx_word' id='word_1_249' title='bbox 327 2432 465 2500; x_wconf 85' lang='lat' dir='ltr'>Epicurus</span> <span class='ocrx_word' id='word_1_250' title='bbox 493 2449 603 2500; x_wconf 88' lang='lat' dir='ltr'>quoque</span> <span class='ocrx_word' id='word_1_251' title='bbox 627 2435 800 2487; x_wconf 91' lang='lat' dir='ltr'>senectutem</span> <span class='ocrx_word' id='word_1_252' title='bbox 825 2431 924 2485; x_wconf 88' lang='lat' dir='ltr'>laudat</span> <span class='ocrx_word' id='word_1_253' title='bbox 942 2433 1046 2486; x_wconf 88' lang='lat' dir='ltr'>Wotke</span> <span class='ocrx_word' id='word_1_254' title='bbox 1072 2434 1090 2487; x_wconf 93' lang='lat' dir='ltr'>l.</span> <span class='ocrx_word' id='word_1_255' title='bbox 1110 2453 1133 2490; x_wconf 93' lang='lat' dir='ltr'>c.</span> 
     </span>
     <span class='ocr_line' id='line_1_31' title="bbox 115 2506 1133 2572; baseline 0.004 -16"><span class='ocrx_word' id='word_1_256' title='bbox 115 2506 376 2568; x_wconf 73' lang='grc' dir='ltr'>1111111011νέος</span> <span class='ocrx_word' id='word_1_257' title='bbox 399 2506 591 2572; x_wconf 87' lang='grc' dir='ltr'>μακαριστέος,</span> <span class='ocrx_word' id='word_1_258' title='bbox 612 2506 681 2558; x_wconf 84' lang='grc' dir='ltr'>ἀλλὰ</span> <span class='ocrx_word' id='word_1_259' title='bbox 704 2506 796 2571; x_wconf 84' lang='grc' dir='ltr'>γέρων</span> <span class='ocrx_word' id='word_1_260' title='bbox 820 2506 959 2570; x_wconf 89' lang='grc' dir='ltr'>βεβιωκὼς</span> <span class='ocrx_word' id='word_1_261' title='bbox 982 2508 1080 2569; x_wconf 80' lang='grc' dir='ltr'>καλῶς.</span> <span class='ocrx_word' id='word_1_262' title='bbox 1118 2509 1133 2560; x_wconf 85' lang='grc' dir='ltr'>ὁ</span> 
     </span>
     <span class='ocr_line' id='line_1_32' title="bbox 114 2576 1133 2644; baseline 0.002 -14"><span class='ocrx_word' id='word_1_263' title='bbox 114 2577 169 2644; x_wconf 87' lang='grc' dir='ltr'>γὰρ</span> <span class='ocrx_word' id='word_1_264' title='bbox 194 2577 273 2639; x_wconf 86' lang='grc' dir='ltr'>ἐντὸς</span> <span class='ocrx_word' id='word_1_265' title='bbox 299 2576 388 2642; x_wconf 84' lang='grc' dir='ltr'>ἀκμῆς</span> <span class='ocrx_word' id='word_1_266' title='bbox 415 2579 502 2641; x_wconf 81' lang='grc' dir='ltr'>πολὺς</span> <span class='ocrx_word' id='word_1_267' title='bbox 524 2577 579 2630; x_wconf 83' lang='grc' dir='ltr'>ὑπὸ</span> <span class='ocrx_word' id='word_1_268' title='bbox 602 2580 654 2642; x_wconf 85' lang='grc' dir='ltr'>τῆς</span> <span class='ocrx_word' id='word_1_269' title='bbox 671 2578 758 2642; x_wconf 87' lang='grc' dir='ltr'>τύχης</span> <span class='ocrx_word' id='word_1_270' title='bbox 776 2577 974 2642; x_wconf 84' lang='grc' dir='ltr'>ἑτεροφρονῶν</span> <span class='ocrx_word' id='word_1_271' title='bbox 992 2577 1133 2632; x_wconf 80' lang='grc' dir='ltr'>πλάζεται.</span> 
     </span>
     <span class='ocr_line' id='line_1_33' title="bbox 115 2647 1134 2716; baseline 0 -14"><span class='ocrx_word' id='word_1_272' title='bbox 115 2650 131 2702; x_wconf 85' lang='grc' dir='ltr'>ὁ</span> <span class='ocrx_word' id='word_1_273' title='bbox 151 2649 182 2702; x_wconf 83' lang='grc' dir='ltr'>δέ</span> <span class='ocrx_word' id='word_1_274' title='bbox 200 2649 292 2715; x_wconf 86' lang='grc' dir='ltr'>γέρων</span> <span class='ocrx_word' id='word_1_275' title='bbox 310 2649 435 2713; x_wconf 90' lang='grc' dir='ltr'>καθάπερ</span> <span class='ocrx_word' id='word_1_276' title='bbox 454 2649 484 2702; x_wconf 78' lang='grc' dir='ltr'>ἐν</span> <span class='ocrx_word' id='word_1_277' title='bbox 502 2649 589 2713; x_wconf 84' lang='grc' dir='ltr'>λιμένι</span> <span class='ocrx_word' id='word_1_278' title='bbox 607 2653 648 2715; x_wconf 81' lang='grc' dir='ltr'>τῷ</span> <span class='ocrx_word' id='word_1_279' title='bbox 668 2648 742 2716; x_wconf 86' lang='grc' dir='ltr'>γήρᾳ</span> <span class='ocrx_word' id='word_1_280' title='bbox 757 2649 931 2714; x_wconf 89' lang='grc' dir='ltr'>καθώρμικεν</span> <span class='ocrx_word' id='word_1_281' title='bbox 945 2647 981 2701; x_wconf 87' lang='grc' dir='ltr'>τὰ</span> <span class='ocrx_word' id='word_1_282' title='bbox 995 2649 1134 2714; x_wconf 84' lang='grc' dir='ltr'>πρότερον</span> 
     </span>
     <span class='ocr_line' id='line_1_34' title="bbox 115 2718 1047 2787; baseline 0 -15"><span class='ocrx_word' id='word_1_283' title='bbox 115 2720 372 2785; x_wconf 84' lang='grc' dir='ltr'>δυσελπιστοίιμενα</span> <span class='ocrx_word' id='word_1_284' title='bbox 390 2723 450 2772; x_wconf 83' lang='grc' dir='ltr'>τῶν</span> <span class='ocrx_word' id='word_1_285' title='bbox 469 2720 583 2784; x_wconf 83' lang='grc' dir='ltr'>ἀγαθῶν</span> <span class='ocrx_word' id='word_1_286' title='bbox 602 2720 724 2787; x_wconf 82' lang='grc' dir='ltr'>ἀσφαλεῖ</span> <span class='ocrx_word' id='word_1_287' title='bbox 742 2718 922 2782; x_wconf 76' lang='grc' dir='ltr'>κατακλείσας</span> <span class='ocrx_word' id='word_1_288' title='bbox 940 2719 1047 2786; x_wconf 86' lang='grc' dir='ltr'>χάρακι.</span> 
     </span>
    </p>
   </div>
   <div class='ocr_carea' id='block_1_7' title="bbox 115 2823 1134 3037">
    <p class='ocr_par' dir='ltr' id='par_1_12' title="bbox 115 2823 1134 3037">
     <span class='ocr_line' id='line_1_35' title="bbox 187 2823 1134 2895; baseline 0.002 -17"><span class='ocrx_word' id='word_1_289' title='bbox 187 2826 229 2879; x_wconf 78' lang='lat' dir='ltr'>ir.</span> <span class='ocrx_word' id='word_1_290' title='bbox 243 2825 346 2880; x_wconf 85' lang='lat' dir='ltr'>LXIX</span> <span class='ocrx_word' id='word_1_291' title='bbox 366 2824 509 2878; x_wconf 86' lang='lat' dir='ltr'>antecedit</span> <span class='ocrx_word' id='word_1_292' title='bbox 527 2823 645 2878; x_wconf 87' lang='lat' dir='ltr'>fortasse</span> <span class='ocrx_word' id='word_1_293' title='bbox 671 2825 768 2895; x_wconf 83' lang='grc' dir='ltr'>[καλὸν</span> <span class='ocrx_word' id='word_1_294' title='bbox 787 2827 882 2890; x_wconf 90' lang='grc' dir='ltr'>μέντοι</span> <span class='ocrx_word' id='word_1_295' title='bbox 901 2826 976 2878; x_wconf 90' lang='grc' dir='ltr'>έστίν</span> <span class='ocrx_word' id='word_1_296' title='bbox 996 2827 1134 2893; x_wconf 77' lang='grc' dir='ltr'>ἀκεραίοις</span> 
     </span>
     <span class='ocr_line' id='line_1_36' title="bbox 115 2895 1134 2967; baseline 0.004 -21"><span class='ocrx_word' id='word_1_297' title='bbox 115 2895 272 2967; x_wconf 85' lang='grc' dir='ltr'>χρώμενον]</span> <span class='ocrx_word' id='word_1_298' title='bbox 291 2904 350 2962; x_wconf 80' lang='grc' dir='ltr'>ταῖς</span> <span class='ocrx_word' id='word_1_299' title='bbox 369 2897 513 2963; x_wconf 87' lang='grc' dir='ltr'>αἰσθήσεσι</span> <span class='ocrx_word' id='word_1_300' title='bbox 532 2901 589 2951; x_wconf 83' lang='grc' dir='ltr'>κτλ.</span> <span class='ocrx_word' id='word_1_301' title='bbox 627 2895 782 2964; x_wconf 85' lang='lat' dir='ltr'>Diogenem</span> <span class='ocrx_word' id='word_1_302' title='bbox 802 2897 871 2963; x_wconf 89' lang='lat' dir='ltr'>puto</span> <span class='ocrx_word' id='word_1_303' title='bbox 889 2913 1016 2963; x_wconf 84' lang='lat' dir='ltr'>pugnare</span> <span class='ocrx_word' id='word_1_304' title='bbox 1036 2900 1134 2950; x_wconf 91' lang='lat' dir='ltr'>contra</span> 
     </span>
     <span class='ocr_line' id='line_1_37' title="bbox 116 2966 1132 3037; baseline 0.005 -21"><span class='ocrx_word' id='word_1_305' title='bbox 116 2980 171 3028; x_wconf 79' lang='lat' dir='ltr'>eos,</span> <span class='ocrx_word' id='word_1_306' title='bbox 196 2966 244 3030; x_wconf 89' lang='lat' dir='ltr'>qui</span> <span class='ocrx_word' id='word_1_307' title='bbox 263 2969 375 3021; x_wconf 89' lang='lat' dir='ltr'>senibus</span> <span class='ocrx_word' id='word_1_308' title='bbox 394 2967 506 3037; x_wconf 90' lang='lat' dir='ltr'>perdito</span> <span class='ocrx_word' id='word_1_309' title='bbox 525 2967 621 3035; x_wconf 90' lang='lat' dir='ltr'>aliquo</span> <span class='ocrx_word' id='word_1_310' title='bbox 645 2982 727 3020; x_wconf 88' lang='lat' dir='ltr'>sensu</span> <span class='ocrx_word' id='word_1_311' title='bbox 751 2984 765 3019; x_wconf 90' lang='lat' dir='ltr'>e</span> <span class='ocrx_word' id='word_1_312' title='bbox 784 2967 843 3021; x_wconf 86' lang='lat' dir='ltr'>vita</span> <span class='ocrx_word' id='word_1_313' title='bbox 863 2967 1054 3020; x_wconf 86' lang='lat' dir='ltr'>decedendum</span> <span class='ocrx_word' id='word_1_314' title='bbox 1073 2986 1132 3021; x_wconf 89' lang='lat' dir='ltr'>esse</span> 
     </span>
    </p>
   </div>
   <div class='ocr_carea' id='block_1_8' title="bbox 115 3037 1132 3177">
    <p class='ocr_par' dir='ltr' id='par_1_13' title="bbox 115 3037 1132 3177">
     <span class='ocr_line' id='line_1_38' title="bbox 115 3037 1132 3108; baseline 0.004 -20"><span class='ocrx_word' id='word_1_315' title='bbox 115 3039 255 3088; x_wconf 85' lang='lat' dir='ltr'>censeant.</span> <span class='ocrx_word' id='word_1_316' title='bbox 292 3039 418 3104; x_wconf 87' lang='lat' dir='ltr'>profecto</span> <span class='ocrx_word' id='word_1_317' title='bbox 438 3056 469 3093; x_wconf 90' lang='lat' dir='ltr'>eo</span> <span class='ocrx_word' id='word_1_318' title='bbox 489 3039 603 3107; x_wconf 91' lang='lat' dir='ltr'>quidem</span> <span class='ocrx_word' id='word_1_319' title='bbox 618 3038 786 3108; x_wconf 74' lang='lat' dir='ltr'>fragmento,</span> <span class='ocrx_word' id='word_1_320' title='bbox 805 3037 881 3106; x_wconf 91' lang='lat' dir='ltr'>quod</span> <span class='ocrx_word' id='word_1_321' title='bbox 894 3040 959 3106; x_wconf 89' lang='lat' dir='ltr'>post</span> <span class='ocrx_word' id='word_1_322' title='bbox 973 3037 1025 3092; x_wconf 91' lang='lat' dir='ltr'>hoc</span> <span class='ocrx_word' id='word_1_323' title='bbox 1041 3040 1132 3108; x_wconf 81' lang='lat' dir='ltr'>posui,</span> 
     </span>
     <span class='ocr_line' id='line_1_39' title="bbox 115 3106 458 3177; baseline 0.02 -19"><span class='ocrx_word' id='word_1_324' title='bbox 115 3106 150 3159; x_wconf 93' lang='lat' dir='ltr'>de</span> <span class='ocrx_word' id='word_1_325' title='bbox 170 3106 306 3159; x_wconf 88' lang='lat' dir='ltr'>caecitate</span> <span class='ocrx_word' id='word_1_326' title='bbox 325 3109 458 3177; x_wconf 87' lang='lat' dir='ltr'>loquitur.</span> 
     </span>
    </p>
   </div>
   <div class='ocr_carea' id='block_1_9' title="bbox 112 3213 1151 3568">
    <p class='ocr_par' dir='ltr' id='par_1_14' title="bbox 187 3213 1131 3287">
     <span class='ocr_line' id='line_1_40' title="bbox 187 3213 1131 3287; baseline 0.005 -20"><span class='ocrx_word' id='word_1_327' title='bbox 187 3213 229 3267; x_wconf 88' lang='grc'>11.</span> <span class='ocrx_word' id='word_1_328' title='bbox 244 3213 330 3267; x_wconf 90' lang='lat' dir='ltr'>LXX</span> <span class='ocrx_word' id='word_1_329' title='bbox 349 3215 428 3269; x_wconf 87' lang='lat' dir='ltr'>coll</span> <span class='ocrx_word' id='word_1_330' title='bbox 450 3235 475 3270; x_wconf 85' lang='lat' dir='ltr'>v.</span> <span class='ocrx_word' id='word_1_331' title='bbox 491 3223 507 3269; x_wconf 88' lang='lat'>5</span> <span class='ocrx_word' id='word_1_332' title='bbox 527 3220 632 3282; x_wconf 85' lang='grc' dir='ltr'>εὐθέως</span> <span class='ocrx_word' id='word_1_333' title='bbox 650 3217 729 3283; x_wconf 86' lang='lat' dir='ltr'>dicit,</span> <span class='ocrx_word' id='word_1_334' title='bbox 751 3218 832 3284; x_wconf 83' lang='lat' dir='ltr'>quasi</span> <span class='ocrx_word' id='word_1_335' title='bbox 850 3219 951 3287; x_wconf 86' lang='lat' dir='ltr'>pergat</span> <span class='ocrx_word' id='word_1_336' title='bbox 968 3219 1131 3285; x_wconf 88' lang='grc' dir='ltr'>προσθήσω.</span> 
     </span>
    </p>

    <p class='ocr_par' dir='ltr' id='par_1_15' title="bbox 112 3286 1151 3568">
     <span class='ocr_line' id='line_1_41' title="bbox 184 3286 1132 3357; baseline 0.005 -19"><span class='ocrx_word' id='word_1_337' title='bbox 184 3303 228 3338; x_wconf 84' lang='lat' dir='ltr'>vv.</span> <span class='ocrx_word' id='word_1_338' title='bbox 245 3289 329 3352; x_wconf 76' lang='lat' dir='ltr'>tsqq.</span> <span class='ocrx_word' id='word_1_339' title='bbox 350 3286 390 3338; x_wconf 89' lang='lat' dir='ltr'>sic</span> <span class='ocrx_word' id='word_1_340' title='bbox 408 3286 592 3357; x_wconf 88' lang='lat' dir='ltr'>intellegendi</span> <span class='ocrx_word' id='word_1_341' title='bbox 611 3305 669 3342; x_wconf 87' lang='lat' dir='ltr'>esse</span> <span class='ocrx_word' id='word_1_342' title='bbox 688 3288 831 3344; x_wconf 84' lang='lat' dir='ltr'>videntur:</span> <span class='ocrx_word' id='word_1_343' title='bbox 852 3287 972 3357; x_wconf 86' lang='lat' dir='ltr'>„siquis</span> <span class='ocrx_word' id='word_1_344' title='bbox 989 3288 1132 3342; x_wconf 89' lang='lat' dir='ltr'>oculorum</span> 
     </span>
     <span class='ocr_line' id='line_1_42' title="bbox 113 3355 1131 3428; baseline 0.006 -20"><span class='ocrx_word' id='word_1_345' title='bbox 113 3355 332 3421; x_wconf 86' lang='lat' dir='ltr'>hebetationem,</span> <span class='ocrx_word' id='word_1_346' title='bbox 361 3373 417 3424; x_wconf 88' lang='lat' dir='ltr'>qua</span> <span class='ocrx_word' id='word_1_347' title='bbox 444 3373 524 3411; x_wconf 86' lang='lat' dir='ltr'>senes</span> <span class='ocrx_word' id='word_1_348' title='bbox 543 3359 717 3425; x_wconf 79' lang='lat' dir='ltr'>afficiuntur,</span> <span class='ocrx_word' id='word_1_349' title='bbox 746 3361 913 3414; x_wconf 89' lang='lat' dir='ltr'>caecitatem</span> <span class='ocrx_word' id='word_1_350' title='bbox 942 3359 1079 3428; x_wconf 80' lang='lat' dir='ltr'>appellet,</span> <span class='ocrx_word' id='word_1_351' title='bbox 1107 3361 1131 3414; x_wconf 90' lang='lat' dir='ltr'>is</span> 
     </span>
     <span class='ocr_line' id='line_1_43' title="bbox 114 3427 1151 3502; baseline -0.006 -21"><span class='ocrx_word' id='word_1_352' title='bbox 114 3443 194 3481; x_wconf 87' lang='lat' dir='ltr'>ovem</span> <span class='ocrx_word' id='word_1_353' title='bbox 212 3428 308 3498; x_wconf 90' lang='lat' dir='ltr'>gladio</span> <span class='ocrx_word' id='word_1_354' title='bbox 327 3427 457 3495; x_wconf 86' lang='lat' dir='ltr'>tondeat,</span> <span class='ocrx_word' id='word_1_355' title='bbox 477 3428 495 3482; x_wconf 91' lang='lat' dir='ltr'>i.</span> <span class='ocrx_word' id='word_1_356' title='bbox 515 3447 538 3484; x_wconf 90' lang='lat' dir='ltr'>e.</span> <span class='ocrx_word' id='word_1_357' title='bbox 557 3430 588 3483; x_wconf 95' lang='lat' dir='ltr'>in</span> <span class='ocrx_word' id='word_1_358' title='bbox 606 3447 635 3484; x_wconf 85' lang='lat' dir='ltr'>re</span> <span class='ocrx_word' id='word_1_359' title='bbox 654 3431 756 3502; x_wconf 83' lang='lat' dir='ltr'>exigua</span> <span class='ocrx_word' id='word_1_360' title='bbox 774 3431 904 3502; x_wconf 73' lang='lat' dir='ltr'>graviore</span> <span class='ocrx_word' id='word_1_361' title='bbox 920 3434 1028 3482; x_wconf 65' lang='lat' dir='ltr'>uta-&#39;anx</span> <span class='ocrx_word' id='word_1_362' title='bbox 1042 3435 1151 3478; x_wconf 49' lang='lat' dir='ltr'>socia&amp;</span> 
     </span>
     <span class='ocr_line' id='line_1_44' title="bbox 112 3499 724 3568; baseline 0.01 -16"><span class='ocrx_word' id='word_1_363' title='bbox 112 3500 293 3568; x_wconf 85' lang='lat' dir='ltr'>proverbium</span> <span class='ocrx_word' id='word_1_364' title='bbox 312 3499 426 3554; x_wconf 92' lang='lat' dir='ltr'>aliunde</span> <span class='ocrx_word' id='word_1_365' title='bbox 445 3499 516 3554; x_wconf 90' lang='lat' dir='ltr'>mihi</span> <span class='ocrx_word' id='word_1_366' title='bbox 534 3518 594 3557; x_wconf 90' lang='lat' dir='ltr'>non</span> <span class='ocrx_word' id='word_1_367' title='bbox 610 3503 724 3558; x_wconf 85' lang='lat' dir='ltr'>notum.</span> 
     </span>
    </p>
   </div>
   <div class='ocr_carea' id='block_1_10' title="bbox 0 0 1220 3840">
    <p class='ocr_par' dir='ltr' id='par_1_16' title="bbox 0 0 1220 3840">
     <span class='ocr_line' id='line_1_45' title="bbox 0 0 1220 3840; baseline 0 0"><span class='ocrx_word' id='word_1_368' title='bbox 0 0 1220 3840; x_wconf 95' lang='lat' dir='ltr'> </span> 
     </span>
    </p>
   </div>
  </div>
 </body>
</html>
