<?xml version="1.0" encoding="UTF-8"?>
<!DOCTYPE html PUBLIC "-//W3C//DTD XHTML 1.0 Transitional//EN"
    "http://www.w3.org/TR/xhtml1/DTD/xhtml1-transitional.dtd">
<html xmlns="http://www.w3.org/1999/xhtml" xml:lang="en" lang="en">
 <head>
  <title>
</title>
<meta http-equiv="Content-Type" content="text/html;charset=utf-8" />
  <meta name='ocr-system' content='tesseract 3.04.00' />
  <meta name='ocr-capabilities' content='ocr_page ocr_carea ocr_par ocr_line ocrx_word'/>
</head>
<body>
  <div class='ocr_page' id='page_1' title='image "./diogenisoenoand00dioggoog_0129.png"; bbox 0 0 2430 3840; ppageno 0'>
   <div class='ocr_carea' id='block_1_1' title="bbox 534 167 754 230">
    <p class='ocr_par' dir='ltr' id='par_1_1' title="bbox 534 167 754 230">
     <span class='ocr_line' id='line_1_1' title="bbox 534 167 754 230; baseline -0.005 -17"><span class='ocrx_word' id='word_1_1' title='bbox 534 167 754 230; x_wconf 70' lang='lat'><strong>..73-</strong></span> 
     </span>
    </p>
   </div>
   <div class='ocr_carea' id='block_1_2' title="bbox 88 323 1181 3248">
    <p class='ocr_par' dir='ltr' id='par_1_2' title="bbox 133 323 1160 1038">
     <span class='ocr_line' id='line_1_2' title="bbox 136 323 1159 396; baseline -0.004 -16"><span class='ocrx_word' id='word_1_2' title='bbox 136 326 281 396; x_wconf 84' lang='lat' dir='ltr'><strong>putaveris</strong></span> <span class='ocrx_word' id='word_1_3' title='bbox 308 325 413 380; x_wconf 83' lang='lat' dir='ltr'><strong>Colotis</strong></span> <span class='ocrx_word' id='word_1_4' title='bbox 442 325 545 378; x_wconf 91' lang='lat' dir='ltr'><strong>librum</strong></span> <span class='ocrx_word' id='word_1_5' title='bbox 575 324 609 379; x_wconf 91' lang='lat' dir='ltr'><strong>ab</strong></span> <span class='ocrx_word' id='word_1_6' title='bbox 638 341 671 378; x_wconf 89' lang='lat' dir='ltr'><strong>eo</strong></span> <span class='ocrx_word' id='word_1_7' title='bbox 699 327 863 394; x_wconf 85' lang='lat' dir='ltr'><strong>usurpatum</strong></span> <span class='ocrx_word' id='word_1_8' title='bbox 890 341 958 380; x_wconf 78' lang='lat' dir='ltr'><strong>esse.</strong></span> <span class='ocrx_word' id='word_1_9' title='bbox 1005 323 1159 379; x_wconf 86' lang='lat' dir='ltr'><strong>dolendum</strong></span> 
     </span>
     <span class='ocr_line' id='line_1_3' title="bbox 134 395 1160 467; baseline -0.005 -15"><span class='ocrx_word' id='word_1_10' title='bbox 134 401 190 464; x_wconf 85' lang='lat' dir='ltr'><strong>est,</strong></span> <span class='ocrx_word' id='word_1_11' title='bbox 218 399 409 467; x_wconf 85' lang='lat' dir='ltr'><strong>fragmentum</strong></span> <span class='ocrx_word' id='word_1_12' title='bbox 432 397 490 450; x_wconf 51' lang='lat' dir='ltr'><strong>hic¹</strong></span> <span class='ocrx_word' id='word_1_13' title='bbox 503 396 640 465; x_wconf 78' lang='lat' dir='ltr'><strong>abrumpi.</strong></span> <span class='ocrx_word' id='word_1_14' title='bbox 661 427 693 436; x_wconf 90' lang='lat'><strong>—-</strong></span> <span class='ocrx_word' id='word_1_15' title='bbox 718 395 855 466; x_wconf 80' lang='lat' dir='ltr'>Epicurus</span> <span class='ocrx_word' id='word_1_16' title='bbox 875 399 968 450; x_wconf 86' lang='lat' dir='ltr'><strong>autem</strong></span> <span class='ocrx_word' id='word_1_17' title='bbox 987 396 1049 464; x_wconf 84' lang='lat' dir='ltr'><strong>ipse</strong></span> <span class='ocrx_word' id='word_1_18' title='bbox 1068 395 1160 463; x_wconf 87' lang='lat' dir='ltr'><strong>quali-</strong></span> 
     </span>
     <span class='ocr_line' id='line_1_4' title="bbox 136 467 1160 537; baseline -0.004 -13"><span class='ocrx_word' id='word_1_19' title='bbox 136 472 211 524; x_wconf 84' lang='lat' dir='ltr'><strong>tates</strong></span> <span class='ocrx_word' id='word_1_20' title='bbox 237 485 333 523; x_wconf 84' lang='lat' dir='ltr'><strong>omnes</strong></span> <span class='ocrx_word' id='word_1_21' title='bbox 360 485 508 537; x_wconf 86' lang='lat' dir='ltr'><strong>corporum</strong></span> <span class='ocrx_word' id='word_1_22' title='bbox 531 468 628 520; x_wconf 80' lang='lat' dir='ltr'><strong>divisit</strong></span> <span class='ocrx_word' id='word_1_23' title='bbox 651 467 681 520; x_wconf 90' lang='lat' dir='ltr'><strong>in</strong></span> <span class='ocrx_word' id='word_1_24' title='bbox 705 470 899 535; x_wconf 84' lang='grc' dir='ltr'>συμβεβηκότα</span> <span class='ocrx_word' id='word_1_25' title='bbox 918 470 947 523; x_wconf 88' lang='lat' dir='ltr'><strong>et</strong></span> <span class='ocrx_word' id='word_1_26' title='bbox 965 470 1160 534; x_wconf 87' lang='grc' dir='ltr'>συμπτώματα</span> 
     </span>
     <span class='ocr_line' id='line_1_5' title="bbox 135 538 1158 610; baseline -0.002 -16"><span class='ocrx_word' id='word_1_27' title='bbox 135 541 196 610; x_wconf 80' lang='lat' dir='ltr'><strong>(Ep.</strong></span> <span class='ocrx_word' id='word_1_28' title='bbox 226 540 298 610; x_wconf 79' lang='lat' dir='ltr'><strong>epi</strong></span> <span class='ocrx_word' id='word_1_29' title='bbox 328 544 392 605; x_wconf 74' lang='lat'><strong>§68</strong></span> <span class='ocrx_word' id='word_1_30' title='bbox 406 541 491 608; x_wconf 58' lang='lat' dir='ltr'>sqq),</span> <span class='ocrx_word' id='word_1_31' title='bbox 518 538 570 604; x_wconf 81' lang='lat' dir='ltr'><strong>ilia</strong></span> <span class='ocrx_word' id='word_1_32' title='bbox 598 554 716 608; x_wconf 84' lang='lat' dir='ltr'><strong>semper,</strong></span> <span class='ocrx_word' id='word_1_33' title='bbox 743 539 813 592; x_wconf 88' lang='lat' dir='ltr'><strong>haec</strong></span> <span class='ocrx_word' id='word_1_34' title='bbox 840 557 897 593; x_wconf 90' lang='lat' dir='ltr'><strong>non</strong></span> <span class='ocrx_word' id='word_1_35' title='bbox 925 555 1034 609; x_wconf 84' lang='lat' dir='ltr'><strong>semper</strong></span> <span class='ocrx_word' id='word_1_36' title='bbox 1061 555 1158 606; x_wconf 90' lang='lat' dir='ltr'><strong>corpo-</strong></span> 
     </span>
     <span class='ocr_line' id='line_1_6' title="bbox 134 608 1160 679; baseline -0.002 -14"><span class='ocrx_word' id='word_1_37' title='bbox 134 612 214 665; x_wconf 81' lang='lat' dir='ltr'>ribus</span> <span class='ocrx_word' id='word_1_38' title='bbox 234 613 332 665; x_wconf 80' lang='lat' dir='ltr'><strong>adesse</strong></span> <span class='ocrx_word' id='word_1_39' title='bbox 352 613 488 677; x_wconf 80' lang='lat' dir='ltr'><strong>statuens,</strong></span> <span class='ocrx_word' id='word_1_40' title='bbox 508 612 594 679; x_wconf 82' lang='lat' dir='ltr'><strong>atque</strong></span> <span class='ocrx_word' id='word_1_41' title='bbox 609 610 644 662; x_wconf 88' lang='lat' dir='ltr'><strong>de</strong></span> <span class='ocrx_word' id='word_1_42' title='bbox 658 608 715 662; x_wconf 86' lang='lat' dir='ltr'><strong>illis</strong></span> <span class='ocrx_word' id='word_1_43' title='bbox 731 609 802 664; x_wconf 87' lang='lat' dir='ltr'><strong>dicit</strong></span> <span class='ocrx_word' id='word_1_44' title='bbox 821 612 901 678; x_wconf 70' lang='grc' dir='ltr'>,οὐδ’</span> <span class='ocrx_word' id='word_1_45' title='bbox 919 614 958 675; x_wconf 90' lang='grc' dir='ltr'><strong>ώς</strong></span> <span class='ocrx_word' id='word_1_46' title='bbox 976 612 1039 664; x_wconf 80' lang='grc' dir='ltr'>καθ’</span> <span class='ocrx_word' id='word_1_47' title='bbox 1057 611 1160 674; x_wconf 88' lang='grc' dir='ltr'>ἑαυτάς</span> 
     </span>
     <span class='ocr_line' id='line_1_7' title="bbox 135 680 1159 751; baseline -0.005 -13"><span class='ocrx_word' id='word_1_48' title='bbox 135 684 187 738; x_wconf 87' lang='grc' dir='ltr'>εἰσι</span> <span class='ocrx_word' id='word_1_49' title='bbox 217 686 317 751; x_wconf 89' lang='grc' dir='ltr'>φύσεις</span> <span class='ocrx_word' id='word_1_50' title='bbox 345 685 505 749; x_wconf 81' lang='grc' dir='ltr'>δοξαστέον,</span> <span class='ocrx_word' id='word_1_51' title='bbox 522 723 599 735; x_wconf 92' lang='grc'>.....</span> <span class='ocrx_word' id='word_1_52' title='bbox 620 684 699 735; x_wconf 87' lang='grc' dir='ltr'>οὔτε</span> <span class='ocrx_word' id='word_1_53' title='bbox 729 683 814 746; x_wconf 84' lang='grc' dir='ltr'>ὅλως</span> <span class='ocrx_word' id='word_1_54' title='bbox 838 685 881 746; x_wconf 95' lang='grc' dir='ltr'><strong>ώς</strong></span> <span class='ocrx_word' id='word_1_55' title='bbox 904 685 964 736; x_wconf 88' lang='grc' dir='ltr'><strong>οὔκ</strong></span> <span class='ocrx_word' id='word_1_56' title='bbox 988 683 1088 748; x_wconf 85' lang='grc' dir='ltr'>εἰσιν,</span> <span class='ocrx_word' id='word_1_57' title='bbox 1112 680 1159 750; x_wconf 87' lang='lat' dir='ltr'><strong>(de</strong></span> 
     </span>
     <span class='ocr_line' id='line_1_8' title="bbox 134 747 1159 823; baseline -0.002 -15"><span class='ocrx_word' id='word_1_58' title='bbox 134 754 296 808; x_wconf 76' lang='lat' dir='ltr'><strong>Democrito</strong></span> <span class='ocrx_word' id='word_1_59' title='bbox 316 753 416 823; x_wconf 85' lang='lat' dir='ltr'><strong>opinor</strong></span> <span class='ocrx_word' id='word_1_60' title='bbox 434 752 572 822; x_wconf 80' lang='lat' dir='ltr'><strong>cogitans)</strong></span> <span class='ocrx_word' id='word_1_61' title='bbox 600 752 662 807; x_wconf 85' lang='grc' dir='ltr'>οὐδ’</span> <span class='ocrx_word' id='word_1_62' title='bbox 680 756 719 818; x_wconf 93' lang='grc' dir='ltr'><strong>ώς</strong></span> <span class='ocrx_word' id='word_1_63' title='bbox 738 747 809 821; x_wconf 78' lang='grc' dir='ltr'>ἕτερ’</span> <span class='ocrx_word' id='word_1_64' title='bbox 832 755 903 807; x_wconf 91' lang='grc' dir='ltr'>ἄττα</span> <span class='ocrx_word' id='word_1_65' title='bbox 921 755 1159 821; x_wconf 84' lang='grc' dir='ltr'>προσυπάρχοντα</span> 
     </span>
     <span class='ocr_line' id='line_1_9' title="bbox 133 824 1158 895; baseline -0.003 -15"><span class='ocrx_word' id='word_1_66' title='bbox 133 829 229 895; x_wconf 87' lang='grc' dir='ltr'>τούτῳ</span> <span class='ocrx_word' id='word_1_67' title='bbox 255 827 403 893; x_wconf 87' lang='grc' dir='ltr'>ἀσώματα,</span> <span class='ocrx_word' id='word_1_68' title='bbox 428 824 490 878; x_wconf 86' lang='grc' dir='ltr'>οὐδ’</span> <span class='ocrx_word' id='word_1_69' title='bbox 509 827 548 888; x_wconf 92' lang='grc' dir='ltr'><strong>ώς</strong></span> <span class='ocrx_word' id='word_1_70' title='bbox 567 826 650 892; x_wconf 93' lang='grc' dir='ltr'>μόρια</span> <span class='ocrx_word' id='word_1_71' title='bbox 668 827 773 878; x_wconf 90' lang='grc' dir='ltr'>τούτου</span> <span class='ocrx_word' id='word_1_72' title='bbox 793 829 850 879; x_wconf 90' lang='grc' dir='ltr'>κτλ.</span> <span class='ocrx_word' id='word_1_73' title='bbox 871 857 904 864; x_wconf 97' lang='grc'>-</span> <span class='ocrx_word' id='word_1_74' title='bbox 923 824 1078 879; x_wconf 75' lang='lat' dir='ltr'><strong>Democriti</strong></span> <span class='ocrx_word' id='word_1_75' title='bbox 1097 840 1158 878; x_wconf 80' lang='lat' dir='ltr'><strong>sen-</strong></span> 
     </span>
     <span class='ocr_line' id='line_1_10' title="bbox 134 894 1158 966; baseline 0 -16"><span class='ocrx_word' id='word_1_76' title='bbox 134 896 227 950; x_wconf 84' lang='lat' dir='ltr'><strong>tentia</strong></span> <span class='ocrx_word' id='word_1_77' title='bbox 255 898 324 950; x_wconf 85' lang='lat' dir='ltr'><strong>nota</strong></span> <span class='ocrx_word' id='word_1_78' title='bbox 353 897 396 949; x_wconf 83' lang='lat' dir='ltr'><strong>est</strong></span> <span class='ocrx_word' id='word_1_79' title='bbox 424 895 467 964; x_wconf 85' lang='lat' dir='ltr'><strong>(fr.</strong></span> <span class='ocrx_word' id='word_1_80' title='bbox 489 901 540 948; x_wconf 79' lang='lat'><strong>125</strong></span> <span class='ocrx_word' id='word_1_81' title='bbox 563 894 641 949; x_wconf 82' lang='lat' dir='ltr'><strong>Diels</strong></span> <span class='ocrx_word' id='word_1_82' title='bbox 665 895 757 950; x_wconf 59' lang='grc' dir='ltr'><strong>λίσαι.ί</strong></span> <span class='ocrx_word' id='word_1_83' title='bbox 775 913 802 964; x_wconf 91' lang='lat' dir='ltr'><strong>p.</strong></span> <span class='ocrx_word' id='word_1_84' title='bbox 817 901 879 963; x_wconf 86' lang='lat'>408,</span> <span class='ocrx_word' id='word_1_85' title='bbox 894 899 938 966; x_wconf 73' lang='lat'><strong>17)</strong></span> <span class='ocrx_word' id='word_1_86' title='bbox 966 899 1045 966; x_wconf 85' lang='grc' dir='ltr'>νόμῳ</span> <span class='ocrx_word' id='word_1_87' title='bbox 1069 896 1158 963; x_wconf 80' lang='grc' dir='ltr'>χροιὴ,</span> 
     </span>
     <span class='ocr_line' id='line_1_11' title="bbox 135 967 968 1038; baseline -0.002 -15"><span class='ocrx_word' id='word_1_88' title='bbox 135 971 214 1038; x_wconf 84' lang='grc' dir='ltr'>νόμῳ</span> <span class='ocrx_word' id='word_1_89' title='bbox 234 970 331 1034; x_wconf 84' lang='grc' dir='ltr'>γλυκύ,</span> <span class='ocrx_word' id='word_1_90' title='bbox 350 969 429 1036; x_wconf 86' lang='grc' dir='ltr'>νόμῳ</span> <span class='ocrx_word' id='word_1_91' title='bbox 449 969 556 1034; x_wconf 90' lang='grc' dir='ltr'>πικρόν,</span> <span class='ocrx_word' id='word_1_92' title='bbox 577 969 640 1036; x_wconf 80' lang='grc' dir='ltr'>ἐτεῇ</span> <span class='ocrx_word' id='word_1_93' title='bbox 660 967 686 1021; x_wconf 76' lang='grc' dir='ltr'><strong>δ’</strong></span> <span class='ocrx_word' id='word_1_94' title='bbox 704 969 795 1034; x_wconf 86' lang='grc' dir='ltr'>ἄτομα</span> <span class='ocrx_word' id='word_1_95' title='bbox 815 971 859 1022; x_wconf 91' lang='grc' dir='ltr'><strong>καί</strong></span> <span class='ocrx_word' id='word_1_96' title='bbox 878 970 968 1022; x_wconf 89' lang='grc' dir='ltr'>κενόν.</span> 
     </span>
    </p>

    <p class='ocr_par' dir='ltr' id='par_1_3' title="bbox 135 1037 1160 1322">
     <span class='ocr_line' id='line_1_12' title="bbox 210 1037 1158 1109; baseline -0.001 -17"><span class='ocrx_word' id='word_1_97' title='bbox 210 1039 327 1094; x_wconf 83' lang='lat' dir='ltr'><strong>rr.vl1</strong></span> <span class='ocrx_word' id='word_1_98' title='bbox 352 1037 430 1092; x_wconf 91' lang='lat' dir='ltr'><strong>col.I</strong></span> <span class='ocrx_word' id='word_1_99' title='bbox 452 1055 476 1092; x_wconf 92' lang='lat' dir='ltr'><strong>v.</strong></span> <span class='ocrx_word' id='word_1_100' title='bbox 493 1044 508 1090; x_wconf 87' lang='grc'><strong>9</strong></span> <span class='ocrx_word' id='word_1_101' title='bbox 528 1039 556 1091; x_wconf 90' lang='lat' dir='ltr'><strong>et</strong></span> <span class='ocrx_word' id='word_1_102' title='bbox 574 1038 600 1090; x_wconf 88' lang='lat' dir='ltr'><strong>H</strong></span> <span class='ocrx_word' id='word_1_103' title='bbox 623 1057 646 1090; x_wconf 94' lang='lat' dir='ltr'><strong>v.</strong></span> <span class='ocrx_word' id='word_1_104' title='bbox 663 1043 679 1090; x_wconf 89' lang='lat'>4</span> <span class='ocrx_word' id='word_1_105' title='bbox 703 1040 794 1103; x_wconf 81' lang='grc' dir='ltr'>οὕτως</span> <span class='ocrx_word' id='word_1_106' title='bbox 819 1038 878 1092; x_wconf 82' lang='lat' dir='ltr'><strong>scil.</strong></span> <span class='ocrx_word' id='word_1_107' title='bbox 898 1056 930 1094; x_wconf 85' lang='lat' dir='ltr'><strong>ea</strong></span> <span class='ocrx_word' id='word_1_108' title='bbox 949 1040 1158 1109; x_wconf 71' lang='lat' dir='ltr'><strong>aipuificatc&#39;oue.</strong></span> 
     </span>
     <span class='ocr_line' id='line_1_13' title="bbox 135 1108 1159 1180; baseline 0 -16"><span class='ocrx_word' id='word_1_109' title='bbox 135 1113 232 1177; x_wconf 81' lang='lat' dir='ltr'><strong>„Nom</strong></span> <span class='ocrx_word' id='word_1_110' title='bbox 251 1113 276 1164; x_wconf 76' lang='lat' dir='ltr'><strong>st</strong></span> <span class='ocrx_word' id='word_1_111' title='bbox 294 1111 325 1162; x_wconf 82' lang='grc' dir='ltr'><strong>ιἰι</strong></span> <span class='ocrx_word' id='word_1_112' title='bbox 343 1110 395 1163; x_wconf 88' lang='grc' dir='ltr'>ι’ίία</span> <span class='ocrx_word' id='word_1_113' title='bbox 409 1110 568 1176; x_wconf 73' lang='lat' dir='ltr'><strong>defiuitione</strong></span> <span class='ocrx_word' id='word_1_114' title='bbox 587 1112 620 1178; x_wconf 84' lang='lat' dir='ltr'><strong>(v.</strong></span> <span class='ocrx_word' id='word_1_115' title='bbox 632 1112 659 1178; x_wconf 88' lang='grc'><strong>4)</strong></span> <span class='ocrx_word' id='word_1_116' title='bbox 676 1126 764 1164; x_wconf 80' lang='lat' dir='ltr'><strong>uocem</strong></span> <span class='ocrx_word' id='word_1_117' title='bbox 778 1108 848 1164; x_wconf 81' lang='grc' dir='ltr'>κενὰ</span> <span class='ocrx_word' id='word_1_118' title='bbox 866 1113 908 1164; x_wconf 74' lang='lat' dir='ltr'><strong>cta</strong></span> <span class='ocrx_word' id='word_1_119' title='bbox 922 1111 1042 1180; x_wconf 74' lang='lat' dir='ltr'><strong>inteliepc‘</strong></span> <span class='ocrx_word' id='word_1_120' title='bbox 1054 1111 1159 1174; x_wconf 68' lang='grc' dir='ltr'>ιιοίιιιιί,</span> 
     </span>
     <span class='ocr_line' id='line_1_14' title="bbox 136 1182 1160 1250; baseline -0.001 -14"><span class='ocrx_word' id='word_1_121' title='bbox 136 1189 166 1236; x_wconf 80' lang='lat' dir='ltr'><strong>ut</strong></span> <span class='ocrx_word' id='word_1_122' title='bbox 190 1185 324 1250; x_wconf 74' lang='grc' dir='ltr'>ίιιιαριιιασ</span> <span class='ocrx_word' id='word_1_123' title='bbox 348 1197 463 1250; x_wconf 76' lang='lat' dir='ltr'><strong>corporo</strong></span> <span class='ocrx_word' id='word_1_124' title='bbox 486 1182 594 1248; x_wconf 78' lang='lat' dir='ltr'><strong>quidem</strong></span> <span class='ocrx_word' id='word_1_125' title='bbox 618 1183 744 1247; x_wconf 76' lang='lat' dir='ltr'><strong>habeant,</strong></span> <span class='ocrx_word' id='word_1_126' title='bbox 767 1183 846 1235; x_wconf 74' lang='lat' dir='ltr'><strong>celric</strong></span> <span class='ocrx_word' id='word_1_127' title='bbox 865 1189 956 1236; x_wconf 77' lang='lat' dir='ltr'><strong>tamen</strong></span> <span class='ocrx_word' id='word_1_128' title='bbox 975 1185 1083 1248; x_wconf 76' lang='lat' dir='ltr'><strong>tenuia,</strong></span> <span class='ocrx_word' id='word_1_129' title='bbox 1102 1198 1160 1235; x_wconf 79' lang='grc' dir='ltr'>ιιοιι</span> 
     </span>
     <span class='ocr_line' id='line_1_15' title="bbox 136 1255 466 1322; baseline -0.006 -15"><span class='ocrx_word' id='word_1_130' title='bbox 136 1261 202 1322; x_wconf 81' lang='lat' dir='ltr'><strong>apto</strong></span> <span class='ocrx_word' id='word_1_131' title='bbox 224 1255 301 1307; x_wconf 77' lang='lat' dir='ltr'><strong>certo</strong></span> <span class='ocrx_word' id='word_1_132' title='bbox 320 1257 466 1306; x_wconf 80' lang='grc' dir='ltr'>ιιίυιιίαι·.“</span> 
     </span>
    </p>

    <p class='ocr_par' dir='ltr' id='par_1_4' title="bbox 134 1323 1160 1607">
     <span class='ocr_line' id='line_1_16' title="bbox 209 1323 1160 1392; baseline -0.001 -14"><span class='ocrx_word' id='word_1_133' title='bbox 209 1324 260 1378; x_wconf 90' lang='lat' dir='ltr'><strong>col.</strong></span> <span class='ocrx_word' id='word_1_134' title='bbox 275 1323 301 1377; x_wconf 89' lang='lat'><strong>11</strong></span> <span class='ocrx_word' id='word_1_135' title='bbox 327 1328 446 1376; x_wconf 81' lang='lat' dir='ltr'><strong>v.1-3.</strong></span> <span class='ocrx_word' id='word_1_136' title='bbox 488 1339 561 1391; x_wconf 88' lang='lat' dir='ltr'><strong>quae</strong></span> <span class='ocrx_word' id='word_1_137' title='bbox 585 1323 868 1378; x_wconf 81' lang='lat' dir='ltr'><strong>simulacra⁰efficere</strong></span> <span class='ocrx_word' id='word_1_138' title='bbox 894 1327 1024 1392; x_wconf 79' lang='lat' dir='ltr'><strong>possunt,</strong></span> <span class='ocrx_word' id='word_1_139' title='bbox 1051 1341 1085 1378; x_wconf 87' lang='lat' dir='ltr'><strong>ea</strong></span> <span class='ocrx_word' id='word_1_140' title='bbox 1103 1343 1160 1380; x_wconf 90' lang='lat' dir='ltr'><strong>non</strong></span> 
     </span>
     <span class='ocr_line' id='line_1_17' title="bbox 134 1393 1159 1464; baseline 0.001 -14"><span class='ocrx_word' id='word_1_141' title='bbox 134 1413 224 1450; x_wconf 85' lang='lat' dir='ltr'><strong>vacua</strong></span> <span class='ocrx_word' id='word_1_142' title='bbox 243 1394 392 1463; x_wconf 85' lang='lat' dir='ltr'><strong>appellare</strong></span> <span class='ocrx_word' id='word_1_143' title='bbox 411 1393 495 1449; x_wconf 86' lang='lat' dir='ltr'><strong>debet</strong></span> <span class='ocrx_word' id='word_1_144' title='bbox 515 1395 564 1447; x_wconf 81' lang='lat' dir='ltr'><strong>sed</strong></span> <span class='ocrx_word' id='word_1_145' title='bbox 583 1412 706 1463; x_wconf 85' lang='lat' dir='ltr'><strong>corpora.</strong></span> <span class='ocrx_word' id='word_1_146' title='bbox 740 1394 789 1448; x_wconf 88' lang='lat' dir='ltr'><strong>cfr.</strong></span> <span class='ocrx_word' id='word_1_147' title='bbox 809 1395 860 1464; x_wconf 83' lang='lat' dir='ltr'><strong>Ep.</strong></span> <span class='ocrx_word' id='word_1_148' title='bbox 881 1411 923 1464; x_wconf 92' lang='lat' dir='ltr'><strong>ep.</strong></span> <span class='ocrx_word' id='word_1_149' title='bbox 935 1395 956 1447; x_wconf 61' lang='grc' dir='ltr'><strong>,Ι</strong></span> <span class='ocrx_word' id='word_1_150' title='bbox 971 1403 1003 1450; x_wconf 76' lang='grc'><strong>67</strong></span> <span class='ocrx_word' id='word_1_151' title='bbox 1023 1399 1056 1450; x_wconf 91' lang='grc' dir='ltr'>τό</span> <span class='ocrx_word' id='word_1_152' title='bbox 1076 1399 1159 1451; x_wconf 91' lang='grc' dir='ltr'>κενόν</span> 
     </span>
     <span class='ocr_line' id='line_1_18' title="bbox 136 1465 1159 1536; baseline -0.001 -14"><span class='ocrx_word' id='word_1_153' title='bbox 136 1471 202 1522; x_wconf 84' lang='grc' dir='ltr'>οὔτε</span> <span class='ocrx_word' id='word_1_154' title='bbox 221 1472 336 1534; x_wconf 86' lang='grc' dir='ltr'>ποιῆσαι</span> <span class='ocrx_word' id='word_1_155' title='bbox 356 1469 422 1520; x_wconf 85' lang='grc' dir='ltr'>οὔτε</span> <span class='ocrx_word' id='word_1_156' title='bbox 440 1471 539 1520; x_wconf 84' lang='grc' dir='ltr'>παθεῖν</span> <span class='ocrx_word' id='word_1_157' title='bbox 559 1469 681 1520; x_wconf 82' lang='grc' dir='ltr'>δύναται.</span> <span class='ocrx_word' id='word_1_158' title='bbox 714 1465 801 1520; x_wconf 81' lang='lat' dir='ltr'><strong>Stoici</strong></span> <span class='ocrx_word' id='word_1_159' title='bbox 821 1483 932 1535; x_wconf 91' lang='lat' dir='ltr'><strong>quoque</strong></span> <span class='ocrx_word' id='word_1_160' title='bbox 946 1467 1002 1536; x_wconf 79' lang='lat' dir='ltr'><strong>ipsi</strong></span> <span class='ocrx_word' id='word_1_161' title='bbox 1016 1467 1088 1520; x_wconf 89' lang='lat' dir='ltr'><strong>nihil</strong></span> <span class='ocrx_word' id='word_1_162' title='bbox 1103 1467 1159 1521; x_wconf 86' lang='lat' dir='ltr'><strong>nisi</strong></span> 
     </span>
     <span class='ocr_line' id='line_1_19' title="bbox 137 1537 981 1607; baseline -0.006 -14"><span class='ocrx_word' id='word_1_163' title='bbox 137 1556 237 1607; x_wconf 84' lang='lat' dir='ltr'><strong>corpus</strong></span> <span class='ocrx_word' id='word_1_164' title='bbox 258 1537 368 1606; x_wconf 85' lang='lat' dir='ltr'><strong>aliquid</strong></span> <span class='ocrx_word' id='word_1_165' title='bbox 387 1537 480 1590; x_wconf 88' lang='lat' dir='ltr'><strong>facere</strong></span> <span class='ocrx_word' id='word_1_166' title='bbox 498 1553 581 1606; x_wconf 85' lang='lat' dir='ltr'><strong>posse</strong></span> <span class='ocrx_word' id='word_1_167' title='bbox 599 1537 704 1591; x_wconf 81' lang='lat' dir='ltr'><strong>volunt.</strong></span> <span class='ocrx_word' id='word_1_168' title='bbox 978 1560 981 1563; x_wconf 97' lang='lat'>·</span> 
     </span>
    </p>

    <p class='ocr_par' dir='ltr' id='par_1_5' title="bbox 88 1609 1160 1878">
     <span class='ocr_line' id='line_1_20' title="bbox 209 1609 1160 1677; baseline 0.002 -15"><span class='ocrx_word' id='word_1_169' title='bbox 209 1615 264 1664; x_wconf 88' lang='grc' dir='ltr'><strong>ν.6</strong></span> <span class='ocrx_word' id='word_1_170' title='bbox 293 1611 309 1663; x_wconf 89' lang='grc' dir='ltr'>δ</span> <span class='ocrx_word' id='word_1_171' title='bbox 333 1613 367 1675; x_wconf 80' lang='grc' dir='ltr'><strong>δὴ</strong></span> <span class='ocrx_word' id='word_1_172' title='bbox 393 1612 437 1662; x_wconf 92' lang='grc' dir='ltr'><strong>καί</strong></span> <span class='ocrx_word' id='word_1_173' title='bbox 466 1613 568 1674; x_wconf 80' lang='grc' dir='ltr'>μᾶλλον</span> <span class='ocrx_word' id='word_1_174' title='bbox 597 1611 763 1677; x_wconf 89' lang='grc' dir='ltr'>βούλονται].</span> <span class='ocrx_word' id='word_1_175' title='bbox 804 1609 882 1675; x_wconf 82' lang='lat' dir='ltr'><strong>vide,</strong></span> <span class='ocrx_word' id='word_1_176' title='bbox 910 1611 943 1663; x_wconf 85' lang='lat' dir='ltr'><strong>ut</strong></span> <span class='ocrx_word' id='word_1_177' title='bbox 965 1610 995 1662; x_wconf 93' lang='lat' dir='ltr'><strong>in</strong></span> <span class='ocrx_word' id='word_1_178' title='bbox 1019 1609 1106 1664; x_wconf 85' lang='lat' dir='ltr'><strong>simili</strong></span> <span class='ocrx_word' id='word_1_179' title='bbox 1128 1627 1160 1665; x_wconf 89' lang='lat' dir='ltr'><strong>re</strong></span> 
     </span>
     <span class='ocr_line' id='line_1_21' title="bbox 88 1678 1159 1750; baseline 0.005 -18"><span class='ocrx_word' id='word_1_180' title='bbox 88 1699 92 1721; x_wconf 72' lang='grc' dir='ltr'>ι</span> <span class='ocrx_word' id='word_1_181' title='bbox 138 1680 337 1734; x_wconf 87' lang='lat' dir='ltr'><strong>difficultatem</strong></span> <span class='ocrx_word' id='word_1_182' title='bbox 357 1680 462 1732; x_wconf 87' lang='lat' dir='ltr'><strong>evitare</strong></span> <span class='ocrx_word' id='word_1_183' title='bbox 482 1680 614 1733; x_wconf 83' lang='lat' dir='ltr'><strong>studeant</strong></span> <span class='ocrx_word' id='word_1_184' title='bbox 629 1680 704 1748; x_wconf 89' lang='lat' dir='ltr'><strong>apud</strong></span> <span class='ocrx_word' id='word_1_185' title='bbox 718 1678 799 1750; x_wconf 81' lang='lat' dir='ltr'><strong>Diog.</strong></span> <span class='ocrx_word' id='word_1_186' title='bbox 814 1679 906 1734; x_wconf 87' lang='lat' dir='ltr'><strong>Laert.</strong></span> <span class='ocrx_word' id='word_1_187' title='bbox 917 1681 969 1734; x_wconf 87' lang='lat' dir='ltr'><strong>VH</strong></span> <span class='ocrx_word' id='word_1_188' title='bbox 981 1687 1013 1735; x_wconf 88' lang='grc'><strong>61</strong></span> <span class='ocrx_word' id='word_1_189' title='bbox 1035 1684 1159 1750; x_wconf 84' lang='grc' dir='ltr'>ἐννόημα</span> 
     </span>
     <span class='ocr_line' id='line_1_22' title="bbox 138 1752 1160 1820; baseline 0.002 -14"><span class='ocrx_word' id='word_1_190' title='bbox 138 1755 168 1806; x_wconf 91' lang='grc' dir='ltr'>δέ</span> <span class='ocrx_word' id='word_1_191' title='bbox 188 1755 247 1807; x_wconf 90' lang='grc' dir='ltr'>ἐστι</span> <span class='ocrx_word' id='word_1_192' title='bbox 266 1754 418 1818; x_wconf 87' lang='grc' dir='ltr'>φάντασμα</span> <span class='ocrx_word' id='word_1_193' title='bbox 437 1752 566 1818; x_wconf 79' lang='grc' dir='ltr'>διανοίας,</span> <span class='ocrx_word' id='word_1_194' title='bbox 587 1754 652 1805; x_wconf 88' lang='grc' dir='ltr'>οὔτε</span> <span class='ocrx_word' id='word_1_195' title='bbox 670 1770 697 1805; x_wconf 92' lang='grc' dir='ltr'>τι</span> <span class='ocrx_word' id='word_1_196' title='bbox 716 1753 749 1805; x_wconf 88' lang='grc' dir='ltr'><strong>όν</strong></span> <span class='ocrx_word' id='word_1_197' title='bbox 769 1754 835 1805; x_wconf 86' lang='grc' dir='ltr'>οὔτε</span> <span class='ocrx_word' id='word_1_198' title='bbox 853 1755 943 1820; x_wconf 90' lang='grc' dir='ltr'>ποιόν,</span> <span class='ocrx_word' id='word_1_199' title='bbox 964 1755 1066 1808; x_wconf 90' lang='grc' dir='ltr'>ώσανεί</span> <span class='ocrx_word' id='word_1_200' title='bbox 1086 1757 1117 1808; x_wconf 87' lang='grc' dir='ltr'>δὲ</span> <span class='ocrx_word' id='word_1_201' title='bbox 1133 1773 1160 1808; x_wconf 89' lang='grc' dir='ltr'>τι</span> 
     </span>
     <span class='ocr_line' id='line_1_23' title="bbox 141 1824 468 1878; baseline -0.009 -1"><span class='ocrx_word' id='word_1_202' title='bbox 141 1826 174 1878; x_wconf 87' lang='grc' dir='ltr'><strong>ὂν</strong></span> <span class='ocrx_word' id='word_1_203' title='bbox 193 1827 238 1877; x_wconf 89' lang='grc' dir='ltr'><strong>καί</strong></span> <span class='ocrx_word' id='word_1_204' title='bbox 258 1825 360 1876; x_wconf 88' lang='grc' dir='ltr'>ώσανεί</span> <span class='ocrx_word' id='word_1_205' title='bbox 378 1824 468 1876; x_wconf 87' lang='grc' dir='ltr'>ποιόν.</span> 
     </span>
    </p>

    <p class='ocr_par' dir='ltr' id='par_1_6' title="bbox 138 1893 1160 2036">
     <span class='ocr_line' id='line_1_24' title="bbox 208 1893 1160 1965; baseline 0.004 -19"><span class='ocrx_word' id='word_1_206' title='bbox 208 1912 233 1946; x_wconf 87' lang='lat' dir='ltr'><strong>v.</strong></span> <span class='ocrx_word' id='word_1_207' title='bbox 250 1899 350 1946; x_wconf 82' lang='lat'>9-11:</span> <span class='ocrx_word' id='word_1_208' title='bbox 380 1893 511 1961; x_wconf 76' lang='lat' dir='ltr'><strong>quornodc</strong></span> <span class='ocrx_word' id='word_1_209' title='bbox 535 1910 664 1959; x_wconf 75' lang='lat' dir='ltr'><strong>coccum,</strong></span> <span class='ocrx_word' id='word_1_210' title='bbox 692 1896 717 1947; x_wconf 78' lang='lat' dir='ltr'><strong>si</strong></span> <span class='ocrx_word' id='word_1_211' title='bbox 739 1911 774 1946; x_wconf 75' lang='lat' dir='ltr'><strong>ue</strong></span> <span class='ocrx_word' id='word_1_212' title='bbox 795 1901 884 1948; x_wconf 73' lang='lat' dir='ltr'><strong>emetat</strong></span> <span class='ocrx_word' id='word_1_213' title='bbox 906 1897 1014 1963; x_wconf 75' lang='lat' dir='ltr'><strong>quidem</strong></span> <span class='ocrx_word' id='word_1_214' title='bbox 1043 1896 1070 1965; x_wconf 85' lang='lat' dir='ltr'><strong>(i.</strong></span> <span class='ocrx_word' id='word_1_215' title='bbox 1091 1912 1114 1950; x_wconf 89' lang='lat' dir='ltr'><strong>e.</strong></span> <span class='ocrx_word' id='word_1_216' title='bbox 1135 1897 1160 1950; x_wconf 82' lang='lat' dir='ltr'><strong>ai</strong></span> 
     </span>
     <span class='ocr_line' id='line_1_25' title="bbox 138 1963 1125 2036; baseline 0.004 -17"><span class='ocrx_word' id='word_1_217' title='bbox 138 1982 239 2034; x_wconf 85' lang='lat' dir='ltr'><strong>corpus</strong></span> <span class='ocrx_word' id='word_1_218' title='bbox 258 1981 313 2018; x_wconf 88' lang='lat' dir='ltr'><strong>non</strong></span> <span class='ocrx_word' id='word_1_219' title='bbox 333 1963 429 2032; x_wconf 74' lang='lat' dir='ltr'><strong>habet,</strong></span> <span class='ocrx_word' id='word_1_220' title='bbox 449 1963 497 2017; x_wconf 89' lang='lat' dir='ltr'><strong>cfr.</strong></span> <span class='ocrx_word' id='word_1_221' title='bbox 517 1983 542 2017; x_wconf 85' lang='grc' dir='ltr'><strong>ν.</strong></span> <span class='ocrx_word' id='word_1_222' title='bbox 559 1968 594 2033; x_wconf 83' lang='grc' dir='ltr'><strong>ό),</strong></span> <span class='ocrx_word' id='word_1_223' title='bbox 613 1967 726 2032; x_wconf 76' lang='lat' dir='ltr'><strong>speciem</strong></span> <span class='ocrx_word' id='word_1_224' title='bbox 745 1966 868 2034; x_wconf 73' lang='lat' dir='ltr'><strong>aliquam</strong></span> <span class='ocrx_word' id='word_1_225' title='bbox 887 1968 1000 2022; x_wconf 79' lang='lat' dir='ltr'><strong>iuduere</strong></span> <span class='ocrx_word' id='word_1_226' title='bbox 1015 1967 1125 2036; x_wconf 71' lang='lat' dir='ltr'><strong>potest?</strong></span> 
     </span>
    </p>

    <p class='ocr_par' dir='ltr' id='par_1_7' title="bbox 209 2035 906 2104">
     <span class='ocr_line' id='line_1_26' title="bbox 209 2035 906 2104; baseline 0.003 -15"><span class='ocrx_word' id='word_1_227' title='bbox 209 2036 250 2091; x_wconf 81' lang='lat' dir='ltr'><strong>ir.</strong></span> <span class='ocrx_word' id='word_1_228' title='bbox 266 2035 342 2091; x_wconf 82' lang='lat' dir='ltr'>VIII</span> <span class='ocrx_word' id='word_1_229' title='bbox 362 2035 413 2089; x_wconf 84' lang='lat' dir='ltr'><strong>col.</strong></span> <span class='ocrx_word' id='word_1_230' title='bbox 428 2035 448 2088; x_wconf 83' lang='lat'><strong>1.</strong></span> <span class='ocrx_word' id='word_1_231' title='bbox 487 2035 581 2104; x_wconf 84' lang='lat' dir='ltr'><strong>agitur</strong></span> <span class='ocrx_word' id='word_1_232' title='bbox 600 2036 635 2088; x_wconf 89' lang='lat' dir='ltr'><strong>de</strong></span> <span class='ocrx_word' id='word_1_233' title='bbox 655 2036 800 2090; x_wconf 81' lang='lat' dir='ltr'><strong>stellarum</strong></span> <span class='ocrx_word' id='word_1_234' title='bbox 819 2039 906 2091; x_wconf 87' lang='lat' dir='ltr'><strong>motu.</strong></span> 
     </span>
    </p>

    <p class='ocr_par' dir='ltr' id='par_1_8' title="bbox 137 2107 1160 2447">
     <span class='ocr_line' id='line_1_27' title="bbox 211 2107 1160 2178; baseline 0.003 -18"><span class='ocrx_word' id='word_1_235' title='bbox 211 2126 233 2160; x_wconf 88' lang='grc' dir='ltr'><strong>ν.</strong></span> <span class='ocrx_word' id='word_1_236' title='bbox 250 2112 265 2160; x_wconf 88' lang='grc'><strong>3</strong></span> <span class='ocrx_word' id='word_1_237' title='bbox 286 2108 344 2160; x_wconf 84' lang='grc' dir='ltr'>ἄλλ’</span> <span class='ocrx_word' id='word_1_238' title='bbox 359 2107 385 2160; x_wconf 86' lang='grc' dir='ltr'><strong>οἱ</strong></span> <span class='ocrx_word' id='word_1_239' title='bbox 400 2109 462 2174; x_wconf 87' lang='grc' dir='ltr'><strong>μὲν.</strong></span> <span class='ocrx_word' id='word_1_240' title='bbox 474 2149 480 2160; x_wconf 87' lang='grc'><strong>.</strong></span> <span class='ocrx_word' id='word_1_241' title='bbox 493 2150 498 2161; x_wconf 91' lang='grc'><strong>.</strong></span> <span class='ocrx_word' id='word_1_242' title='bbox 511 2109 651 2174; x_wconf 84' lang='grc' dir='ltr'>,ἀλλήλοις</span> <span class='ocrx_word' id='word_1_243' title='bbox 669 2111 856 2178; x_wconf 89' lang='grc' dir='ltr'>συναντώσιν]</span> <span class='ocrx_word' id='word_1_244' title='bbox 877 2109 925 2163; x_wconf 88' lang='lat' dir='ltr'><strong>cfr.</strong></span> <span class='ocrx_word' id='word_1_245' title='bbox 940 2109 991 2178; x_wconf 81' lang='lat' dir='ltr'><strong>Ep.</strong></span> <span class='ocrx_word' id='word_1_246' title='bbox 1012 2127 1055 2178; x_wconf 89' lang='lat' dir='ltr'><strong>ep.</strong></span> <span class='ocrx_word' id='word_1_247' title='bbox 1071 2110 1097 2163; x_wconf 93' lang='grc' dir='ltr'>Π</span> <span class='ocrx_word' id='word_1_248' title='bbox 1108 2117 1160 2163; x_wconf 91' lang='grc'><strong>114</strong></span> 
     </span>
     <span class='ocr_line' id='line_1_28' title="bbox 137 2181 1159 2250; baseline 0.003 -17"><span class='ocrx_word' id='word_1_249' title='bbox 137 2181 200 2233; x_wconf 88' lang='grc' dir='ltr'>τινὰ</span> <span class='ocrx_word' id='word_1_250' title='bbox 224 2181 312 2246; x_wconf 87' lang='grc' dir='ltr'>ἄστρα</span> <span class='ocrx_word' id='word_1_251' title='bbox 336 2181 542 2245; x_wconf 86' lang='grc' dir='ltr'>ὑπολειπόμενά</span> <span class='ocrx_word' id='word_1_252' title='bbox 565 2197 650 2233; x_wconf 87' lang='grc' dir='ltr'>τινων</span> <span class='ocrx_word' id='word_1_253' title='bbox 675 2185 838 2247; x_wconf 81' lang='grc' dir='ltr'>θεωρεῖσθαι</span> <span class='ocrx_word' id='word_1_254' title='bbox 857 2182 1000 2247; x_wconf 81' lang='grc' dir='ltr'>συμβαίνει</span> <span class='ocrx_word' id='word_1_255' title='bbox 1020 2185 1064 2235; x_wconf 91' lang='grc' dir='ltr'><strong>καί</strong></span> <span class='ocrx_word' id='word_1_256' title='bbox 1083 2185 1159 2250; x_wconf 84' lang='grc' dir='ltr'>παρὰ</span> 
     </span>
     <span class='ocr_line' id='line_1_29' title="bbox 138 2252 1159 2319; baseline 0.004 -15"><span class='ocrx_word' id='word_1_257' title='bbox 138 2252 172 2304; x_wconf 91' lang='grc' dir='ltr'>τό</span> <span class='ocrx_word' id='word_1_258' title='bbox 188 2291 284 2304; x_wconf 86' lang='grc'>......</span> <span class='ocrx_word' id='word_1_259' title='bbox 305 2255 349 2303; x_wconf 90' lang='grc' dir='ltr'><strong>καί</strong></span> <span class='ocrx_word' id='word_1_260' title='bbox 368 2252 443 2317; x_wconf 90' lang='grc' dir='ltr'>παρὰ</span> <span class='ocrx_word' id='word_1_261' title='bbox 461 2252 494 2304; x_wconf 91' lang='grc' dir='ltr'>τὸ</span> <span class='ocrx_word' id='word_1_262' title='bbox 513 2253 567 2317; x_wconf 83' lang='grc' dir='ltr'>τὴν</span> <span class='ocrx_word' id='word_1_263' title='bbox 586 2252 714 2305; x_wconf 83' lang='grc' dir='ltr'>ἐναντίαν</span> <span class='ocrx_word' id='word_1_264' title='bbox 734 2257 866 2306; x_wconf 84' lang='grc' dir='ltr'>κινεῖσθαι</span> <span class='ocrx_word' id='word_1_265' title='bbox 886 2253 1084 2319; x_wconf 87' lang='grc' dir='ltr'>ἀντισπώμενα</span> <span class='ocrx_word' id='word_1_266' title='bbox 1103 2256 1159 2308; x_wconf 86' lang='grc' dir='ltr'><strong>ὑπὸ</strong></span> 
     </span>
     <span class='ocr_line' id='line_1_30' title="bbox 139 2321 1160 2392; baseline 0.002 -17"><span class='ocrx_word' id='word_1_267' title='bbox 139 2324 271 2388; x_wconf 86' lang='grc' dir='ltr'>τοιαύτης</span> <span class='ocrx_word' id='word_1_268' title='bbox 294 2322 378 2388; x_wconf 90' lang='grc' dir='ltr'>δίνης.</span> <span class='ocrx_word' id='word_1_269' title='bbox 417 2321 484 2374; x_wconf 86' lang='lat' dir='ltr'><strong>luna</strong></span> <span class='ocrx_word' id='word_1_270' title='bbox 509 2324 541 2374; x_wconf 87' lang='lat' dir='ltr'><strong>ct</strong></span> <span class='ocrx_word' id='word_1_271' title='bbox 564 2321 664 2375; x_wconf 88' lang='lat' dir='ltr'><strong>stellae</strong></span> <span class='ocrx_word' id='word_1_272' title='bbox 687 2322 772 2389; x_wconf 78' lang='lat' dir='ltr'><strong>fixae,</strong></span> <span class='ocrx_word' id='word_1_273' title='bbox 801 2328 832 2376; x_wconf 86' lang='lat' dir='ltr'><strong>ut</strong></span> <span class='ocrx_word' id='word_1_274' title='bbox 855 2323 1015 2392; x_wconf 84' lang='lat' dir='ltr'><strong>exemplum</strong></span> <span class='ocrx_word' id='word_1_275' title='bbox 1034 2323 1160 2391; x_wconf 83' lang='lat' dir='ltr'><strong>afferam,</strong></span> 
     </span>
     <span class='ocr_line' id='line_1_31' title="bbox 141 2392 715 2447; baseline 0 0"><span class='ocrx_word' id='word_1_276' title='bbox 141 2392 314 2447; x_wconf 88' lang='lat' dir='ltr'><strong>contrarium</strong></span> <span class='ocrx_word' id='word_1_277' title='bbox 333 2410 444 2446; x_wconf 84' lang='lat' dir='ltr'><strong>cursum</strong></span> <span class='ocrx_word' id='word_1_278' title='bbox 462 2395 558 2446; x_wconf 88' lang='lat' dir='ltr'><strong>tenere</strong></span> <span class='ocrx_word' id='word_1_279' title='bbox 576 2393 715 2447; x_wconf 82' lang='lat' dir='ltr'><strong>videntur.</strong></span> 
     </span>
    </p>

    <p class='ocr_par' dir='ltr' id='par_1_9' title="bbox 139 2464 1160 2660">
     <span class='ocr_line' id='line_1_32' title="bbox 210 2464 1159 2535; baseline 0.005 -19"><span class='ocrx_word' id='word_1_280' title='bbox 210 2481 234 2517; x_wconf 87' lang='grc' dir='ltr'><strong>ν.</strong></span> <span class='ocrx_word' id='word_1_281' title='bbox 250 2469 274 2517; x_wconf 81' lang='lat'><strong>5.</strong></span> <span class='ocrx_word' id='word_1_282' title='bbox 304 2464 330 2517; x_wconf 91' lang='grc' dir='ltr'><strong>οί</strong></span> <span class='ocrx_word' id='word_1_283' title='bbox 349 2465 399 2529; x_wconf 86' lang='grc' dir='ltr'><strong>μὲν</strong></span> <span class='ocrx_word' id='word_1_284' title='bbox 422 2465 473 2517; x_wconf 88' lang='grc' dir='ltr'>τόν</span> <span class='ocrx_word' id='word_1_285' title='bbox 497 2466 582 2532; x_wconf 83' lang='grc' dir='ltr'>ὀρθόν</span> <span class='ocrx_word' id='word_1_286' title='bbox 607 2467 660 2530; x_wconf 84' lang='grc' dir='ltr'><strong>ἕως</strong></span> <span class='ocrx_word' id='word_1_287' title='bbox 682 2468 757 2530; x_wconf 92' lang='grc' dir='ltr'>τινός</span> <span class='ocrx_word' id='word_1_288' title='bbox 782 2473 944 2534; x_wconf 80' lang='grc' dir='ltr'>περαιοόσιν</span> <span class='ocrx_word' id='word_1_289' title='bbox 964 2468 1089 2535; x_wconf 84' lang='grc' dir='ltr'>δρόμον]</span> <span class='ocrx_word' id='word_1_290' title='bbox 1110 2468 1159 2521; x_wconf 89' lang='lat' dir='ltr'><strong>cfr.</strong></span> 
     </span>
     <span class='ocr_line' id='line_1_33' title="bbox 139 2534 1160 2606; baseline 0.004 -18"><span class='ocrx_word' id='word_1_291' title='bbox 139 2535 229 2589; x_wconf 87' lang='lat' dir='ltr'><strong>Praef.</strong></span> <span class='ocrx_word' id='word_1_292' title='bbox 245 2553 272 2604; x_wconf 92' lang='lat' dir='ltr'><strong>p.</strong></span> <span class='ocrx_word' id='word_1_293' title='bbox 287 2534 391 2588; x_wconf 87' lang='lat' dir='ltr'>XXXV</span> <span class='ocrx_word' id='word_1_294' title='bbox 405 2567 437 2574; x_wconf 98' lang='lat'><em>-</em></span> <span class='ocrx_word' id='word_1_295' title='bbox 454 2537 507 2600; x_wconf 85' lang='grc' dir='ltr'><strong>ἕως</strong></span> <span class='ocrx_word' id='word_1_296' title='bbox 520 2538 603 2601; x_wconf 91' lang='grc' dir='ltr'>τινός,</span> <span class='ocrx_word' id='word_1_297' title='bbox 623 2537 699 2604; x_wconf 91' lang='lat' dir='ltr'><strong>quod</strong></span> <span class='ocrx_word' id='word_1_298' title='bbox 719 2537 755 2590; x_wconf 82' lang='lat' dir='ltr'><strong>ad</strong></span> <span class='ocrx_word' id='word_1_299' title='bbox 775 2539 861 2605; x_wconf 90' lang='grc' dir='ltr'>όρθόν</span> <span class='ocrx_word' id='word_1_300' title='bbox 879 2537 1020 2606; x_wconf 88' lang='lat' dir='ltr'><strong>pertinere</strong></span> <span class='ocrx_word' id='word_1_301' title='bbox 1041 2537 1160 2606; x_wconf 80' lang='lat' dir='ltr'><strong>videtur,</strong></span> 
     </span>
     <span class='ocr_line' id='line_1_34' title="bbox 141 2606 409 2660; baseline 0.004 -1"><span class='ocrx_word' id='word_1_302' title='bbox 141 2625 190 2660; x_wconf 87' lang='lat' dir='ltr'><strong>cur</strong></span> <span class='ocrx_word' id='word_1_303' title='bbox 210 2606 288 2660; x_wconf 87' lang='lat' dir='ltr'><strong>dicat</strong></span> <span class='ocrx_word' id='word_1_304' title='bbox 306 2606 409 2660; x_wconf 83' lang='lat' dir='ltr'><strong>nescio.</strong></span> 
     </span>
    </p>

    <p class='ocr_par' dir='ltr' id='par_1_10' title="bbox 140 2677 1181 2818">
     <span class='ocr_line' id='line_1_35' title="bbox 211 2677 1181 2748; baseline 0.006 -19"><span class='ocrx_word' id='word_1_305' title='bbox 211 2696 235 2731; x_wconf 90' lang='grc' dir='ltr'><strong>ν.</strong></span> <span class='ocrx_word' id='word_1_306' title='bbox 251 2683 265 2730; x_wconf 82' lang='grc'><strong>7</strong></span> <span class='ocrx_word' id='word_1_307' title='bbox 286 2679 368 2732; x_wconf 83' lang='grc' dir='ltr'>λοξὸν</span> <span class='ocrx_word' id='word_1_308' title='bbox 388 2677 413 2732; x_wconf 90' lang='grc' dir='ltr'><strong>δ’</strong></span> <span class='ocrx_word' id='word_1_309' title='bbox 431 2679 532 2746; x_wconf 83' lang='grc' dir='ltr'>ἕτεροι]</span> <span class='ocrx_word' id='word_1_310' title='bbox 553 2678 601 2732; x_wconf 84' lang='lat' dir='ltr'><strong>cfr.</strong></span> <span class='ocrx_word' id='word_1_311' title='bbox 617 2678 667 2747; x_wconf 83' lang='lat' dir='ltr'><strong>Ep.</strong></span> <span class='ocrx_word' id='word_1_312' title='bbox 684 2695 726 2747; x_wconf 87' lang='lat' dir='ltr'><strong>ep.</strong></span> <span class='ocrx_word' id='word_1_313' title='bbox 741 2679 767 2732; x_wconf 90' lang='grc' dir='ltr'>Π</span> <span class='ocrx_word' id='word_1_314' title='bbox 782 2684 815 2732; x_wconf 85' lang='grc'><strong>93</strong></span> <span class='ocrx_word' id='word_1_315' title='bbox 831 2679 889 2748; x_wconf 80' lang='lat' dir='ltr'><strong>(Ue.</strong></span> <span class='ocrx_word' id='word_1_316' title='bbox 905 2698 932 2748; x_wconf 91' lang='lat' dir='ltr'><strong>p.</strong></span> <span class='ocrx_word' id='word_1_317' title='bbox 944 2685 998 2747; x_wconf 82' lang='grc'><strong>40),</strong></span> <span class='ocrx_word' id='word_1_318' title='bbox 1016 2680 1066 2733; x_wconf 91' lang='lat' dir='ltr'><strong>ubi</strong></span> <span class='ocrx_word' id='word_1_319' title='bbox 1086 2699 1161 2735; x_wconf 90' lang='lat' dir='ltr'><strong>com·</strong></span> <span class='ocrx_word' id='word_1_320' title='bbox 1180 2724 1181 2729; x_wconf 55' lang='grc'>,</span> 
     </span>
     <span class='ocr_line' id='line_1_36' title="bbox 140 2749 678 2818; baseline 0.002 -17"><span class='ocrx_word' id='word_1_321' title='bbox 140 2749 235 2818; x_wconf 80' lang='lat' dir='ltr'><strong>plures</strong></span> <span class='ocrx_word' id='word_1_322' title='bbox 255 2749 314 2802; x_wconf 80' lang='lat' dir='ltr'><strong>eius</strong></span> <span class='ocrx_word' id='word_1_323' title='bbox 333 2751 426 2802; x_wconf 82' lang='lat' dir='ltr'><strong>motus</strong></span> <span class='ocrx_word' id='word_1_324' title='bbox 446 2766 543 2802; x_wconf 84' lang='lat' dir='ltr'><strong>causas</strong></span> <span class='ocrx_word' id='word_1_325' title='bbox 562 2749 678 2803; x_wconf 81' lang='lat' dir='ltr'><strong>invenis.</strong></span> 
     </span>
    </p>

    <p class='ocr_par' dir='ltr' id='par_1_11' title="bbox 140 2821 1162 3101">
     <span class='ocr_line' id='line_1_37' title="bbox 212 2821 1160 2894; baseline 0.005 -21"><span class='ocrx_word' id='word_1_326' title='bbox 212 2838 235 2873; x_wconf 89' lang='lat' dir='ltr'><strong>v.</strong></span> <span class='ocrx_word' id='word_1_327' title='bbox 253 2825 267 2872; x_wconf 85' lang='grc'>9</span> <span class='ocrx_word' id='word_1_328' title='bbox 294 2821 320 2873; x_wconf 94' lang='grc' dir='ltr'><strong>οί</strong></span> <span class='ocrx_word' id='word_1_329' title='bbox 344 2823 374 2874; x_wconf 87' lang='grc' dir='ltr'>δέ</span> <span class='ocrx_word' id='word_1_330' title='bbox 397 2822 448 2874; x_wconf 90' lang='grc' dir='ltr'>τόν</span> <span class='ocrx_word' id='word_1_331' title='bbox 467 2823 554 2875; x_wconf 80' lang='grc' dir='ltr'>αὐτοῦ</span> <span class='ocrx_word' id='word_1_332' title='bbox 575 2824 677 2876; x_wconf 88' lang='grc' dir='ltr'>κύκλον</span> <span class='ocrx_word' id='word_1_333' title='bbox 696 2825 768 2890; x_wconf 84' lang='grc' dir='ltr'>στρ]</span> <span class='ocrx_word' id='word_1_334' title='bbox 788 2821 836 2876; x_wconf 86' lang='lat' dir='ltr'><strong>cfr.</strong></span> <span class='ocrx_word' id='word_1_335' title='bbox 856 2821 906 2891; x_wconf 81' lang='lat' dir='ltr'><strong>Ep.</strong></span> <span class='ocrx_word' id='word_1_336' title='bbox 918 2838 970 2890; x_wconf 82' lang='lat' dir='ltr'><strong>ep.</strong></span> <span class='ocrx_word' id='word_1_337' title='bbox 990 2822 1082 2876; x_wconf 79' lang='lat'>11112</span> <span class='ocrx_word' id='word_1_338' title='bbox 1102 2823 1160 2894; x_wconf 77' lang='lat' dir='ltr'><strong>(Ue.</strong></span> 
     </span>
     <span class='ocr_line' id='line_1_38' title="bbox 140 2893 1162 2960; baseline 0.005 -16"><span class='ocrx_word' id='word_1_339' title='bbox 140 2910 167 2960; x_wconf 92' lang='lat' dir='ltr'><strong>p.</strong></span> <span class='ocrx_word' id='word_1_340' title='bbox 183 2897 226 2959; x_wconf 78' lang='lat'><strong>52,</strong></span> <span class='ocrx_word' id='word_1_341' title='bbox 243 2893 299 2959; x_wconf 86' lang='lat'>13):</span> <span class='ocrx_word' id='word_1_342' title='bbox 333 2895 396 2946; x_wconf 89' lang='grc' dir='ltr'>τινὰ</span> <span class='ocrx_word' id='word_1_343' title='bbox 427 2895 516 2960; x_wconf 85' lang='grc' dir='ltr'>ἄστρα</span> <span class='ocrx_word' id='word_1_344' title='bbox 547 2895 716 2960; x_wconf 85' lang='grc' dir='ltr'>στρέφεσθαι</span> <span class='ocrx_word' id='word_1_345' title='bbox 742 2896 829 2947; x_wconf 79' lang='grc' dir='ltr'>αὐτοῦ</span> <span class='ocrx_word' id='word_1_346' title='bbox 856 2895 1006 2960; x_wconf 90' lang='grc' dir='ltr'>συμβαίνει.</span> <span class='ocrx_word' id='word_1_347' title='bbox 1055 2893 1162 2949; x_wconf 82' lang='lat' dir='ltr'><strong>Usener</strong></span> 
     </span>
     <span class='ocr_line' id='line_1_39' title="bbox 141 2962 1161 3034; baseline 0.005 -18"><span class='ocrx_word' id='word_1_348' title='bbox 141 2963 247 3032; x_wconf 86' lang='lat' dir='ltr'><strong>optime</strong></span> <span class='ocrx_word' id='word_1_349' title='bbox 271 2962 353 3015; x_wconf 86' lang='lat' dir='ltr'><strong>affert</strong></span> <span class='ocrx_word' id='word_1_350' title='bbox 376 2962 456 3017; x_wconf 87' lang='lat' dir='ltr'><strong>Hom.</strong></span> <span class='ocrx_word' id='word_1_351' title='bbox 471 2963 502 3016; x_wconf 84' lang='grc' dir='ltr'><strong>ΙΙ.</strong></span> <span class='ocrx_word' id='word_1_352' title='bbox 523 2966 618 3018; x_wconf 73' lang='lat'>1488:</span> <span class='ocrx_word' id='word_1_353' title='bbox 647 2967 750 3032; x_wconf 86' lang='grc' dir='ltr'>ἄρκτον</span> <span class='ocrx_word' id='word_1_354' title='bbox 766 3007 861 3018; x_wconf 92' lang='grc'>......</span> <span class='ocrx_word' id='word_1_355' title='bbox 877 2969 895 3031; x_wconf 86' lang='grc' dir='ltr'><strong>ἥ</strong></span> <span class='ocrx_word' id='word_1_356' title='bbox 919 2965 944 3018; x_wconf 83' lang='grc' dir='ltr'>τ’</span> <span class='ocrx_word' id='word_1_357' title='bbox 967 2967 1055 3019; x_wconf 82' lang='grc' dir='ltr'>αὐτου</span> <span class='ocrx_word' id='word_1_358' title='bbox 1082 2970 1161 3034; x_wconf 84' lang='grc' dir='ltr'>στρέ-</span> 
     </span>
     <span class='ocr_line' id='line_1_40' title="bbox 142 3051 233 3101; baseline -0.011 -13"><span class='ocrx_word' id='word_1_359' title='bbox 142 3051 233 3101; x_wconf 87' lang='grc' dir='ltr'>φεται,</span> 
     </span>
    </p>

    <p class='ocr_par' dir='ltr' id='par_1_12' title="bbox 140 3106 1161 3248">
     <span class='ocr_line' id='line_1_41' title="bbox 213 3106 1160 3178; baseline 0.006 -20"><span class='ocrx_word' id='word_1_360' title='bbox 213 3123 238 3158; x_wconf 87' lang='grc' dir='ltr'><strong>ν.</strong></span> <span class='ocrx_word' id='word_1_361' title='bbox 256 3110 287 3157; x_wconf 94' lang='grc'><strong>11</strong></span> <span class='ocrx_word' id='word_1_362' title='bbox 318 3106 344 3158; x_wconf 87' lang='grc' dir='ltr'><strong>οἱ</strong></span> <span class='ocrx_word' id='word_1_363' title='bbox 373 3108 422 3171; x_wconf 85' lang='grc' dir='ltr'><strong>μὲν</strong></span> <span class='ocrx_word' id='word_1_364' title='bbox 451 3109 620 3174; x_wconf 83' lang='grc' dir='ltr'>ὑψηλὴν...</span> <span class='ocrx_word' id='word_1_365' title='bbox 637 3109 662 3160; x_wconf 87' lang='grc' dir='ltr'><strong>οἱ</strong></span> <span class='ocrx_word' id='word_1_366' title='bbox 691 3109 716 3161; x_wconf 83' lang='grc' dir='ltr'><strong>δ’</strong></span> <span class='ocrx_word' id='word_1_367' title='bbox 738 3109 773 3161; x_wconf 80' lang='grc' dir='ltr'><strong>αὖ</strong></span> <span class='ocrx_word' id='word_1_368' title='bbox 801 3109 948 3176; x_wconf 86' lang='grc' dir='ltr'>ταπεινήν]</span> <span class='ocrx_word' id='word_1_369' title='bbox 977 3107 1024 3161; x_wconf 90' lang='lat' dir='ltr'><strong>cfr.</strong></span> <span class='ocrx_word' id='word_1_370' title='bbox 1045 3108 1096 3177; x_wconf 80' lang='lat' dir='ltr'><strong>Ep.</strong></span> <span class='ocrx_word' id='word_1_371' title='bbox 1117 3125 1160 3178; x_wconf 86' lang='lat' dir='ltr'><strong>ep.</strong></span> 
     </span>
     <span class='ocr_line' id='line_1_42' title="bbox 140 3176 1161 3248; baseline 0.007 -20"><span class='ocrx_word' id='word_1_372' title='bbox 140 3176 166 3228; x_wconf 90' lang='grc' dir='ltr'><strong>ΙΙ</strong></span> <span class='ocrx_word' id='word_1_373' title='bbox 190 3183 240 3229; x_wconf 92' lang='lat'><strong>114</strong></span> <span class='ocrx_word' id='word_1_374' title='bbox 273 3177 360 3244; x_wconf 60' lang='lat' dir='ltr'><strong>rastra</strong></span> <span class='ocrx_word' id='word_1_375' title='bbox 390 3176 512 3244; x_wconf 88' lang='lat' dir='ltr'><strong>relinqui</strong></span> <span class='ocrx_word' id='word_1_376' title='bbox 542 3178 683 3248; x_wconf 87' lang='lat' dir='ltr'><strong>videntur)</strong></span> <span class='ocrx_word' id='word_1_377' title='bbox 714 3183 759 3233; x_wconf 87' lang='grc' dir='ltr'><strong>καί</strong></span> <span class='ocrx_word' id='word_1_378' title='bbox 791 3181 867 3246; x_wconf 88' lang='grc' dir='ltr'>παρὰ</span> <span class='ocrx_word' id='word_1_379' title='bbox 897 3181 930 3232; x_wconf 91' lang='grc' dir='ltr'>τό</span> <span class='ocrx_word' id='word_1_380' title='bbox 962 3183 1161 3248; x_wconf 86' lang='grc' dir='ltr'>περιφέρεσθαι</span> 
     </span>
    </p>
   </div>
   <div class='ocr_carea' id='block_1_3' title="bbox 142 3249 1160 3385">
    <p class='ocr_par' dir='ltr' id='par_1_13' title="bbox 142 3249 1160 3385">
     <span class='ocr_line' id='line_1_43' title="bbox 142 3249 1160 3320; baseline 0.007 -20"><span class='ocrx_word' id='word_1_381' title='bbox 142 3250 177 3301; x_wconf 89' lang='grc' dir='ltr'>τὰ</span> <span class='ocrx_word' id='word_1_382' title='bbox 206 3250 255 3314; x_wconf 87' lang='grc' dir='ltr'><strong>μὲν</strong></span> <span class='ocrx_word' id='word_1_383' title='bbox 284 3249 329 3301; x_wconf 84' lang='grc' dir='ltr'><strong>διὰ</strong></span> <span class='ocrx_word' id='word_1_384' title='bbox 356 3249 483 3313; x_wconf 89' lang='grc' dir='ltr'>πλείονος</span> <span class='ocrx_word' id='word_1_385' title='bbox 505 3252 607 3317; x_wconf 88' lang='grc' dir='ltr'>τόπου,</span> <span class='ocrx_word' id='word_1_386' title='bbox 636 3252 671 3304; x_wconf 91' lang='grc' dir='ltr'>τὰ</span> <span class='ocrx_word' id='word_1_387' title='bbox 696 3253 726 3304; x_wconf 88' lang='grc' dir='ltr'>δέ</span> <span class='ocrx_word' id='word_1_388' title='bbox 750 3251 785 3303; x_wconf 89' lang='grc' dir='ltr'><strong>δι’</strong></span> <span class='ocrx_word' id='word_1_389' title='bbox 808 3252 968 3317; x_wconf 88' lang='grc' dir='ltr'>ἐλάττονος,</span> <span class='ocrx_word' id='word_1_390' title='bbox 992 3254 1045 3317; x_wconf 87' lang='grc' dir='ltr'><strong>τήν</strong></span> <span class='ocrx_word' id='word_1_391' title='bbox 1070 3254 1160 3320; x_wconf 84' lang='grc' dir='ltr'>αὐτὴν</span> 
     </span>
     <span class='ocr_line' id='line_1_44' title="bbox 144 3320 470 3385; baseline 0.006 -13"><span class='ocrx_word' id='word_1_392' title='bbox 144 3320 223 3385; x_wconf 83' lang='grc' dir='ltr'>δίνην</span> <span class='ocrx_word' id='word_1_393' title='bbox 242 3322 470 3385; x_wconf 79' lang='grc' dir='ltr'>περικυκλοῦντα.</span> 
     </span>
    </p>
   </div>
   <div class='ocr_carea' id='block_1_4' title="bbox 143 3369 1160 3534">
    <p class='ocr_par' dir='ltr' id='par_1_14' title="bbox 143 3369 1160 3534">
     <span class='ocr_line' id='line_1_45' title="bbox 210 3369 1160 3462; baseline 0.006 -20"><span class='ocrx_word' id='word_1_394' title='bbox 210 3389 262 3442; x_wconf 87' lang='lat' dir='ltr'><strong>ccl.</strong></span> <span class='ocrx_word' id='word_1_395' title='bbox 284 3389 310 3442; x_wconf 90' lang='grc' dir='ltr'>Π</span> <span class='ocrx_word' id='word_1_396' title='bbox 335 3408 360 3443; x_wconf 90' lang='lat' dir='ltr'><strong>v.</strong></span> <span class='ocrx_word' id='word_1_397' title='bbox 384 3397 407 3443; x_wconf 90' lang='lat'><strong>1.</strong></span> <span class='ocrx_word' id='word_1_398' title='bbox 454 3408 527 3458; x_wconf 84' lang='lat' dir='ltr'><strong>quac</strong></span> <span class='ocrx_word' id='word_1_399' title='bbox 554 3391 600 3445; x_wconf 91' lang='lat' dir='ltr'><strong>hic</strong></span> <span class='ocrx_word' id='word_1_400' title='bbox 634 3392 668 3445; x_wconf 88' lang='lat' dir='ltr'><strong>de</strong></span> <span class='ocrx_word' id='word_1_401' title='bbox 697 3392 763 3445; x_wconf 79' lang='lat' dir='ltr'><strong>solie</strong></span> <span class='ocrx_word' id='word_1_402' title='bbox 792 3369 998 3462; x_wconf 72' lang='lat' dir='ltr'><strong>magnitudine</strong></span> <span class='ocrx_word' id='word_1_403' title='bbox 1018 3392 1160 3462; x_wconf 86' lang='lat' dir='ltr'><strong>dicuntur,</strong></span> 
     </span>
     <span class='ocr_line' id='line_1_46' title="bbox 143 3460 1160 3534; baseline 0.008 -22"><span class='ocrx_word' id='word_1_404' title='bbox 143 3460 258 3514; x_wconf 87' lang='lat' dir='ltr'><strong>aliunde</strong></span> <span class='ocrx_word' id='word_1_405' title='bbox 277 3460 358 3515; x_wconf 84' lang='lat' dir='ltr'><strong>nobis</strong></span> <span class='ocrx_word' id='word_1_406' title='bbox 377 3464 446 3516; x_wconf 88' lang='lat' dir='ltr'><strong>nota</strong></span> <span class='ocrx_word' id='word_1_407' title='bbox 459 3480 515 3516; x_wconf 92' lang='lat' dir='ltr'><strong>non</strong></span> <span class='ocrx_word' id='word_1_408' title='bbox 535 3466 607 3515; x_wconf 84' lang='lat' dir='ltr'><strong>sunt.</strong></span> <span class='ocrx_word' id='word_1_409' title='bbox 637 3463 784 3532; x_wconf 85' lang='lat' dir='ltr'><strong>disputant</strong></span> <span class='ocrx_word' id='word_1_410' title='bbox 804 3465 839 3519; x_wconf 90' lang='lat' dir='ltr'><strong>de</strong></span> <span class='ocrx_word' id='word_1_411' title='bbox 858 3481 892 3517; x_wconf 86' lang='lat' dir='ltr'><strong>ea</strong></span> <span class='ocrx_word' id='word_1_412' title='bbox 914 3481 944 3519; x_wconf 88' lang='lat' dir='ltr'><strong>re</strong></span> <span class='ocrx_word' id='word_1_413' title='bbox 958 3462 1009 3534; x_wconf 82' lang='lat' dir='ltr'><strong>Ep.</strong></span> <span class='ocrx_word' id='word_1_414' title='bbox 1030 3482 1072 3534; x_wconf 92' lang='lat' dir='ltr'><strong>ep.</strong></span> <span class='ocrx_word' id='word_1_415' title='bbox 1088 3466 1160 3530; x_wconf 80' lang='lat'>191,</span> 
     </span>
    </p>
   </div>
   <div class='ocr_carea' id='block_1_5' title="bbox 128 3530 1161 3607">
    <p class='ocr_par' dir='ltr' id='par_1_15' title="bbox 128 3530 1161 3607">
     <span class='ocr_line' id='line_1_47' title="bbox 128 3530 1161 3607; baseline 0.012 -27"><span class='ocrx_word' id='word_1_416' title='bbox 128 3530 211 3582; x_wconf 73' lang='lat' dir='ltr'><strong>huet.</strong></span> <span class='ocrx_word' id='word_1_417' title='bbox 236 3533 325 3584; x_wconf 75' lang='lat'>17664</span> <span class='ocrx_word' id='word_1_418' title='bbox 333 3551 395 3602; x_wconf 83' lang='lat' dir='ltr'><strong>sqq.</strong></span> <span class='ocrx_word' id='word_1_419' title='bbox 429 3533 599 3607; x_wconf 71' lang='lat' dir='ltr'><strong>magnitudo</strong></span> <span class='ocrx_word' id='word_1_420' title='bbox 613 3535 689 3589; x_wconf 86' lang='lat' dir='ltr'><strong>enim</strong></span> <span class='ocrx_word' id='word_1_421' title='bbox 703 3535 770 3590; x_wconf 81' lang='lat' dir='ltr'><strong>solis</strong></span> <span class='ocrx_word' id='word_1_422' title='bbox 790 3538 818 3589; x_wconf 86' lang='lat' dir='ltr'><strong>et</strong></span> <span class='ocrx_word' id='word_1_423' title='bbox 837 3539 993 3590; x_wconf 88' lang='lat' dir='ltr'><strong>ceterarum</strong></span> <span class='ocrx_word' id='word_1_424' title='bbox 1007 3537 1161 3606; x_wconf 75' lang='lat' dir='ltr'><strong>stellamm,</strong></span> 
     </span>
    </p>
   </div>
   <div class='ocr_carea' id='block_1_6' title="bbox 0 0 1228 3840">
    <p class='ocr_par' dir='ltr' id='par_1_16' title="bbox 0 0 1228 3840">
     <span class='ocr_line' id='line_1_48' title="bbox 0 0 1228 3840; baseline 0 0"><span class='ocrx_word' id='word_1_425' title='bbox 0 0 1228 3840; x_wconf 95' lang='lat' dir='ltr'><strong> </strong></span> 
     </span>
    </p>
   </div>
  </div>
 </body>
</html>
