2430 3840
486 121 715 175 -XXIV-

93 293 216 351 minime
245 292 347 352 eadem
375 311 437 350 esse
465 294 565 367 potest
593 294 682 364 alque
711 308 745 348 ea
769 289 804 347 de
833 308 892 365 qua
914 290 977 348 iam
1000 290 1120 353 dudum

95 382 221 459 agimus.
267 381 383 439 accedit
411 380 489 454 quod
513 380 661 455 Epicurus
688 379 743 437 illa
769 379 898 454 epistula
922 378 959 438 ab
984 382 1119 457 utroque

95 474 215 528 centum
238 470 347 548 viginti
372 469 527 527 drachmas
550 469 677 546 flagitat,
700 470 725 527 is
750 472 851 526 aute1n
874 469 927 542 qui
949 469 1029 527 hanc
1053 473 1117 546 cpi·

96 560 205 617 stulam
231 559 359 634 scripsit,
383 560 519 617 amatre
544 557 663 632 quidem
682 557 758 615 nihil
780 559 912 632 accipere
931 558 1009 615 velle
1034 559 1116 619 vide·

95 653 154 706 tur.
174 679 215 688 -
235 668 329 706 unum
351 647 447 724 igitur
464 647 519 706 1166
538 649 632 705 166161
650 649 872 721 argumentum:
892 644 984 704 Oleon
1004 647 1117 724 aliquis

96 741 126 796 61
154 736 191 795 ab
220 737 350 812 Epicuro
380 741 409 794 61
438 736 474 793 ab
504 739 623 794 auctore
651 736 739 794 huius
764 736 909 810 epistulae
931 738 1116 797 nominatur.

96 831 127 884 61
150 828 228 885 66116
252 826 278 884 61
301 825 477 901 probaretur
501 824 654 882 Cleontem
683 844 750 882 eum
774 826 827 899 qui
849 824 881 882 in
903 824 960 883 hac
983 825 1119 900 epistula

97 917 348 974 commemoratur
370 934 430 972 non
453 932 538 989 posse
558 915 651 971 alium
675 933 738 973 esse
757 913 816 971 nisi
834 914 928 988 illum,
948 934 1039 990 quem
1060 934 1114 975 no·

96 1006 193 1063 minat
217 1004 374 1079 Epicurus,
395 1002 522 1062 Gousino
547 1002 724 1061 credendum
747 1005 830 1062 essct.
873 1002 925 1061 sed
946 1003 1012 1077 1166,
1036 1005 1118 1080 quod

98 1095 282 1168 quaestionis
298 1095 389 1167 caput
410 1111 471 1151 esse
487 1092 629 1165 videmus,
648 1111 743 1167 neque
762 1091 883 1166 probari
902 1093 1001 1167 potest
1020 1113 1117 1170 neque

96 1183 207 1254 refelli,
237 1183 307 1256 quia
335 1181 371 1239 de
399 1181 494 1240 amico
526 1181 579 1238 illo
613 1180 735 1254 Epicuri
766 1180 822 1238 1166
849 1184 967 1239 tantum
997 1183 1119 1256 soinnrs,

97 1271 176 1347 quod
208 1271 320 1330 Usener
354 1273 386 1328 in
420 1271 517 1329 indice
551 1270 704 1327 nominum
735 1289 763 1344 p.
784 1271 848 1328 400
873 1270 958 1328 dicit:
982 1267 1118 1339 ,,Κλέων

98 1361 221 1438 fingitur
249 1380 267 1419 a
295 1362 437 1436 scriptore
466 1360 611 1435 epistulae
639 1359 731 1416 1184
759 1359 875 1417 litteras
899 1358 1055 1434 Pythoclis
1081 1361 1119 1421 ad

98 1451 263 1526 Epicurum
288 1447 453 1508 attulisse.“
486 1467 582 1522 neque
601 1453 665 1506 tam
683 1467 751 1506 1616
770 1449 802 1504 11
821 1447 1006 1506 documentis
1026 1446 1119 1509 Grae·

98 1542 140 1598 cis
170 1558 245 1613 quae
275 1541 393 1596 exstant
419 1557 527 1596 nomeu
557 1536 688 1595 Cleontis
715 1538 879 1611 invenitur,
912 1539 946 1594 ut
973 1538 1052 1596 hane
1081 1539 1120 1598 oh

99 1647 218 1687 causam
244 1627 354 1701 aliquis
377 1627 521 1685 hocloco
546 1625 581 1683 16
605 1626 687 1684 11116
712 1627 770 1684 6116
795 1627 923 1703 cogitari
945 1643 1031 1701 posse
1056 1645 1119 1687 616

99 1718 152 1775 161
175 1718 233 1775 nisi
257 1715 292 1774 16
315 1715 367 1772 1116
392 1715 515 1789 Epicuri
539 1716 642 1773 amico.
673 1733 742 1772 nam
761 1715 906 1774 Kirehner
924 1716 956 1774 in
973 1715 1120 1790 Prosopo-

95 1806 223 1880 pruphlc
232 1803 406 1862 ,4111661161
421 1805 518 1862 minus
534 1822 624 1878 quam
637 1803 747 1879 viginti
762 1808 906 1879 quattuor
920 1804 1120 1864 Athenienses

98 1894 218 1953 1161111116
244 1893 374 1952 (11661116
399 1896 553 1951 enumerat
576 1896 606 1950 et
628 1892 709 1967 Pape
732 1895 764 1950 in
783 1892 973 1952 Onomastieo
997 1900 1121 1969 praeter

99 1983 296 2042 Athenienses
321 1985 351 2040 61
374 1984 503 2040 amicum
526 1982 612 2039 illum
632 1982 754 2057 Epicuri
776 1983 886 2059 viginti
909 1986 968 2041 tres
988 1979 1120 2044 Graecos

100 2073 168 2130 aliis
202 2072 319 2148 oppidis
353 2074 433 2130 ortos
467 2071 594 2148 collegit.
651 2073 753 2146 itaque
785 2071 841 2130 hoc
873 2071 1030 2131 dicendum
1065 2076 1121 2146 661,

101 2160 229 2221 Gousino
254 2161 374 2237 quidem
397 2180 456 2218 non
476 2162 644 2237 contigisse,
663 2163 698 2218 ut
716 2160 753 2218 ab
772 2161 902 2236 Epicuro
926 2160 973 2219 vel
997 2163 1120 2235 aequali

100 2252 162 2309 eins
185 2250 332 2326 discipulo
356 2251 433 2308 hanc
456 2252 615 2325 epistulam
639 2252 779 2324 scriptam
805 2269 867 2308 esse
889 2249 1037 2324 probaret.

166 2340 292 2398 Brevius
321 2340 356 2397 de
385 2339 438 2397 illo
465 2340 545 2414 quod
571 2339 684 2397 Usener
714 2340 800 2398 affert
831 2341 1004 2416 argumento
1028 2356 1120 2415 ugen-

101 2429 172 2488 dum
197 2432 248 2487 est.
296 2431 349 2504 qui
373 2428 445 2486 6166
465 2427 521 2486 sihi
540 2429 688 2504 persuasit
706 2429 823 2487 litteras
842 2429 910 2485 illas
929 2446 989 2486 non
1008 2445 1026 2484 6
1045 2427 1119 2487 Dio·

101 2537 175 2594 gene
199 2520 382 2592 conscriptas
407 2537 478 2589 esse,
500 2522 535 2574 ut
557 2517 612 2576 hoc
631 2520 749 2575 tantum
768 2516 970 2575 demonstrare
989 2516 1122 2592 studeat,

102 2626 161 2665 non
181 2608 362 2665 familiarem
383 2608 513 2681 aliquem
532 2606 664 2681 Epicuri,
686 2608 734 2664 sed
755 2607 930 2682 magistrum
950 2606 1048 2682 ipsum
1068 2625 1121 2665 666

102 2696 280 2772 concepisse,
304 2696 384 2770 quod
408 2698 442 2752 ut
461 2713 550 2770 supra
570 2695 631 2752 diri
649 2715 708 2753 uuo
727 2695 816 2753 verbo
837 2691 987 2767 εὐθυμίας
1006 2696 1038 2751 in
1058 2694 1122 2755 illis

101 2784 200 2860 posito
225 2785 321 2844 6111161
344 2787 440 2859 putat.
474 2785 525 2841 sed
548 2803 614 2841 cum
638 2785 696 2842 iam
723 2786 858 2862 argutius
882 2786 922 2843 sit
944 2802 1015 2842 voce
1040 2803 1122 2859 quae

102 2873 183 2949 apud
210 2874 374 2948 Epicurum
403 2893 462 2932 non
490 2874 663 2931 inveniatur
689 2874 834 2950 originem
863 2874 1042 2949 Epicuream
1070 2874 1120 2930 16-

103 2966 278 3034 monstrare,
297 2981 376 3021 nune
395 2982 410 3020 6
429 2963 592 3020 novissima
612 2962 740 3020 editione
755 2963 897 3036 1116111116,
917 2963 1122 3038 fragmentum

103 3050 188 3126 illud,
212 3053 243 3108 in
267 3070 325 3125 quo
345 3071 402 3109 1611
422 3047 572 3124 εὐθυμίας
595 3055 700 3126 exstat,
718 3071 755 3109 no
773 3054 921 3127 pertinere
941 3051 1061 3126 quidem
1082 3052 1122 3110 ad

103 3141 181 3197 hanc
205 3140 374 3215 epistulam,
399 3139 450 3198 661
474 3140 635 3198 Sententiis
658 3141 847 3198 inserendum
872 3159 942 3199 csse.
988 3142 1120 3199 maxime

103 3229 197 3305 igitur
220 3228 321 3302 miror,
346 3229 425 3303 quod
443 3229 638 3288 recentissimi
660 3228 796 3301 editores,
816 3230 871 3287 etsi
890 3229 1067 3304 gravissima
1086 3234 1122 3289 11

102 3319 178 3375 mihi
208 3318 326 3376 videtur
359 3321 535 3394 argumenta
566 3319 626 3392 ipsi
655 3320 851 3391 sustulerunt,
880 3337 945 3376 cum
974 3337 1032 3376 non
1061 3320 1121 3379 nisi

103 3407 214 3465 formas
233 3408 381 3485 longiores
402 3408 438 3465 ab
459 3403 579 3479 ἕστηκα
602 3406 751 3465 derivatas
771 3426 789 3465 a
808 3408 941 3484 Diogene
960 3412 1122 3481 usurpatas

104 3514 166 3555 6666
190 3500 220 3555 61
243 3497 443 3573 fragmentum
464 3496 510 3554 cui
534 3493 859 3571 1116611611εὐθυμίας
884 3495 920 3555 ab
943 3495 1123 3558 111611116116
