2430 3840
490 175 712 239 ..91-

160 350 185 385 v.
203 337 289 402 lsqq.
309 333 459 402 fugiendas
479 349 540 386 esse
558 333 682 386 rationes
702 334 852 402 captiosas,
872 351 945 402 quae
964 335 1006 387 ita
1025 334 1112 388 effici·

88 406 182 470 antur,
200 406 233 457 ut
255 422 309 458 vox
327 404 462 474 ambigua
486 422 561 457 nunc
583 404 637 458 hoc
656 422 730 458 nunc
748 405 798 458 illo
817 406 900 459 modo
918 405 1110 475 intellegatur.

87 474 162 530 tales
175 475 349 528 ratiunculas
365 475 466 530 Stoicis
481 475 659 544 (Chrysippo)
673 476 743 530 vitio
762 478 832 530 dant
844 476 924 532 velut
937 476 1060 530 Galenus
1075 478 1111 530 de

89 547 176 615 Hipp.
193 549 221 599 et
230 546 303 600 Plat.
319 565 346 614 p.
358 551 410 600 288
426 547 528 600 Musser
542 553 600 601 τῶν
616 555 789 616 σοφιστικῶν
799 550 982 616 (λημμάτων),
998 551 1069 616 άπερ
1080 551 1111 604 ἐν

87 619 262 684 άμωνυμίαις
279 621 310 673 τέ
324 633 379 672 τισι
399 623 521 684 καὶτοῖς
543 623 594 686 τῆς
616 621 716 684 λέξεως
739 621 861 686 σχήμασι
881 621 999 686 μάλιστα
1018 621 1111 675 συνίσ-

86 707 179 756 ταται,
200 691 229 743 et
247 708 275 759 p.
291 695 356 754 245,
379 690 430 743 ubi
453 689 613 758 exemplum
637 689 719 744 effert
742 690 802 744 eius
825 691 903 746 modi
925 691 1058 755 rationis,
1082 693 1111 744 et

89 779 117 830 p.
133 766 194 822 237,
218 766 233 812 3
259 763 294 814 τά
320 764 351 815 δὲ
377 762 548 827 ὁμωνυμίαις
572 766 644 815 τισίν
663 766 680 829 ἢ
700 770 759 827 τοῖς
785 768 837 830 τῆς
861 765 961 828 λέξεως
987 763 1111 830 σχήμασι

89 835 345 900 πεπανουργημένα
378 835 528 901 σοφιστικά
561 835 590 886 et
622 851 650 901 p.
674 838 739 901 250,
764 839 788 888 8.
842 835 940 903 itaque
967 833 1021 888 hoc
1048 833 1110 888 loco

90 904 198 957 Stoicos
217 903 336 957 fortasse
355 903 505 973 intellegit,
525 904 574 973 qui
594 903 729 974 captiosis
747 905 905 958 rationibus
925 907 1005 975 (quas
1025 908 1111 959 antea

89 975 331 1044 commemoravit)
359 975 478 1029 virtutes
508 993 647 1028 summum
670 975 776 1029 bonum
800 993 861 1030 esse
885 975 1019 1030 efficiant.
1062 977 1112 1030 sed

89 1046 150 1100 fieri
173 1047 260 1100 etiarn
282 1047 389 1114 potest,
412 1046 524 1100 utiam
546 1046 658 1117 longine
679 1047 835 1115 disputatio
854 1064 1002 1118 progressa
1026 1049 1064 1101 sit
1082 1049 1111 1102 et

90 1117 231 1187 Diogenes
257 1120 354 1171 contra
378 1135 424 1172 eos
448 1120 565 1187 pugnet,
589 1119 638 1186 qui
660 1119 803 1187 voluptati
820 1119 1006 1186 maledicant,
1030 1119 1111 1188 quasi
1139 1131 1141 1134 ·

90 1189 223 1258 Epicurei
237 1188 406 1243 libidinosas
419 1189 580 1258 voluptates
595 1208 734 1243 summum
744 1191 848 1245 bonum
863 1208 923 1245 esse
932 1191 1111 1246 arbitrentur.

88 1261 161 1330 (tum
180 1263 329 1326 ὀνομάτων
348 1264 476 1329 κοινότης
494 1263 529 1329 (τ.
546 1264 590 1330 11)
603 1261 666 1314 voci
680 1264 769 1330 ἡδονὴ
785 1263 878 1330 inest>
904 1279 977 1331 quae
992 1263 1111 1316 crimina

89 1333 148 1386 iam
176 1331 314 1400 Epicurus
342 1332 456 1400 repellit
483 1350 526 1401 ep.
541 1332 581 1384 III
608 1338 688 1397 §131
718 1333 776 1402 (Us.
800 1352 827 1402 p.
843 1339 885 1399 64,
908 1336 934 1402 8)
964 1336 1033 1388 ὅταν
1059 1336 1111 1388 οὖν

88 1406 215 1469 λέγωμεν
233 1406 304 1471 ἡδον
321 1407 437 1470 ὴντέλος
455 1407 597 1472 ὑπάρχειν,
616 1406 650 1458 οὐ
665 1407 716 1468 τάς
729 1411 788 1459 τῶν
803 1408 924 1460 ἀσώτων
942 1407 1048 1471 ἡδονάς
1066 1409 1111 1459 καί

86 1477 140 1539 τάς
159 1477 189 1528 ἐν
204 1478 357 1529 ἀπολαύσει
377 1478 504 1541 κειμένας
517 1478 643 1542 λέγομεν,
664 1478 702 1540 ur
720 1494 793 1541 τινες
807 1480 977 1542 ἀγνοοῦντες
995 1480 1040 1530 καί
1059 1478 1112 1543 οάχ

88 1549 295 1612 ὁμολογοῦντες
318 1551 335 1613 ἢ
361 1553 454 1611 κακῶς
479 1549 657 1613 ἐκδεχόμενοι
682 1545 854 1615 νομίζοίισιν,
882 1550 951 1602 ἀλλὰ
978 1551 1012 1602 τὸ
1041 1548 1112 1614 μήτε

89 1620 185 1683 ἀλγεῖν
211 1620 282 1672 κατά
311 1624 392 1683 σῶμα
420 1619 490 1685 μήτε
513 1620 699 1685 ταράττεσθαι
726 1623 779 1686 τὴν
798 1620 901 1686 ψυχήν.
947 1620 1033 1686 atque
1058 1618 1112 1672 hoc

88 1688 182 1758 magis
203 1689 383 1754 crediderim3
411 1689 509 1759 itaque
527 1689 687 1758 proximum
712 1689 903 1760 fragmentum
925 1690 981 1743 huc
1003 1689 1110 1743 rettuli.

162 1778 187 1813 τ.
205 1766 238 1813 10
253 1765 482 1829 προπηλακιστής
496 1760 572 1830 apud
586 1760 759 1829 Hesychium
774 1762 825 1815 sub
840 1777 908 1816 voce
922 1765 1112 1830 προπηλακισ-

91 1834 142 1897 μός
160 1831 318 1900 explicatur
343 1835 406 1902 (vox
431 1833 495 1902 ipsa
520 1837 750 1901 προπηλακιστὴς
776 1833 879 1887 omissa
905 1836 956 1899 est,
982 1835 1015 1886 ut
1039 1831 1112 1886 vidIt

89 1902 236 1972 Heinsius)
256 1906 421 1972 φιλόνεικος,
442 1906 620 1972 κολακευτής,
641 1907 806 1973 ὑβριστικός,
826 1907 928 1970 ἄδικος.
965 1904 1036 1957 alibi
1059 1921 1112 1958 vox

89 1976 201 2028 exstare
219 1992 276 2028 non
294 1975 413 2028 videtur.

163 2081 205 2136 ir.
221 2081 360 2136 XXVIII
380 2081 459 2135 coli
482 2084 511 2134 et
529 2081 555 2134 H
578 2082 673 2150 agitur
697 2081 731 2134 de
754 2082 838 2135 rebus
858 2081 998 2153 eligendis
1021 2084 1050 2136 et
1068 2082 1113 2136 fu·

88 2152 210 2221 giendis.
257 2169 309 2205 nec
342 2153 417 2206 enim
450 2169 560 2221 semper
590 2153 744 2206 secundum
771 2153 925 2222 Epicurum
952 2154 1111 2223 voluptates

88 2223 239 2294 eligendae
264 2227 292 2276 et
315 2224 462 2278 molestiae
484 2224 637 2293 fugiendae
664 2226 729 2277 sunt
752 2224 811 2294 (cfr.
826 2225 877 2293 Ep.
893 2242 937 2295 ep.
952 2225 991 2278 III
1010 2232 1025 2292 ξ
1041 2228 1110 2295 129).

90 2294 224 2348 hocloco
244 2296 279 2348 de
298 2295 435 2349 molestiis
455 2295 550 2366 agitur
568 2298 597 2348 et
620 2294 785 2363 explicatur,
814 2311 899 2365 saepe
917 2295 1112 2351 molestiarum

89 2365 198 2420 fructus
217 2368 283 2435 post
300 2366 417 2436 longum
436 2367 549 2420 demum
567 2369 679 2435 tempus
699 2367 763 2436 capi
782 2384 864 2435 posse
883 2369 1005 2438 (semper
1023 2368 1112 2438 igitur

89 2441 145 2505 τὴν
163 2441 272 2505 ἡδονὴν
290 2441 324 2492 τὸ
343 2441 423 2503 τέλος
441 2440 520 2507 esse).

163 2544 204 2600 fr.
219 2544 329 2598 XXIX
348 2544 399 2598 col.
415 2545 428 2596 I
448 2545 531 2598 modo
550 2543 693 2597 incohavit
712 2544 832 2613 scriptor
852 2545 1006 2599 secundum
1026 2549 1112 2615 caput
1151 2589 1153 2592 Α

91 2616 294 2684 disputationis
321 2616 355 2686 (si
380 2617 414 2670 fr.
433 2615 549 2669 XXVIII
575 2616 642 2669 huic
664 2618 741 2670 recte
765 2617 955 2685 antepositum
980 2618 1035 2683 est,
1061 2617 1111 2671 illo

90 2687 125 2740 fr.
145 2687 196 2741 col.
211 2688 237 2740 Π
255 2706 279 2741 v.
297 2692 348 2752 10).
386 2689 536 2756 postquam
562 2687 656 2755 priore
676 2688 769 2756 capite
788 2688 918 2755 exposuit
936 2688 1112 2758 voluptatem

89 2765 231 2812 summum
245 2759 351 2813 bonum
366 2775 434 2825 esse,
448 2776 523 2811 nunc
538 2759 729 2813 demonstrare
744 2759 848 2824 studet,
868 2760 1008 2827 quomodo
1022 2760 1112 2814 vitam

89 2829 270 2898 voluptatum
288 2831 402 2900 plenam
422 2847 611 2898 assequamur.

163 2908 220 2953 τ.4
254 2905 284 2956 ἐν
302 2911 361 2968 τοῖς
379 2903 574 2968 καταστήμασι
593 2905 639 2956 καί
662 2903 693 2955 ἑν
715 2908 776 2966 ταῖς
798 2903 941 2971 πράξεσιν]
974 2902 1112 2971 Epicurus

91 2968 251 3040 voluptates
271 2974 374 3028 dividit
392 2975 422 3028 in
440 2977 549 3042 ἡδονήν
563 2976 809 3040 καταστηματικὴν
828 2975 857 3026 et
875 2976 928 3040 τὴν
947 2976 978 3028 ἐν
997 2975 1111 3042 κινήσει,

92 3039 143 3094 cfr.
161 3041 206 3096 Us.
221 3043 255 3097 fr.
268 3051 281 3097 1
298 3048 326 3098 et
341 3053 365 3112 2,
385 3046 418 3100 fr.
434 3051 553 3112 408sqq.
569 3047 598 3099 et
612 3049 730 3112 llosqq.
759 3047 860 3111 ἡδοναὶ
874 3050 1113 3112 καταστηματικαί

93 3113 248 3166 secundum
266 3115 419 3184 Epicurum
438 3119 503 3171 sunt
527 3117 661 3184 ἀταραξία
681 3117 710 3168 et
728 3117 837 3183 ἀπονία,
862 3115 879 3169 i.
896 3133 919 3169 e.
943 3116 1112 3184 tranquillus

94 3185 185 3237 status
205 3186 293 3238 animi
312 3191 341 3240 et
360 3189 484 3258 corporis
504 3188 547 3258 (fr.
563 3195 578 3241 2
599 3190 627 3240 et
646 3188 721 3255 450),
742 3186 844 3254 quibus
864 3190 1044 3256 opponuntur
1063 3204 1113 3242 eae

92 3271 166 3324 quae
185 3258 264 3310 motu
283 3257 378 3326 aliquo
398 3261 486 3313 animi
505 3260 563 3314 sive
583 3259 707 3327 corporis
731 3257 890 3312 efficientur
909 3262 1020 3328 (ἡδοναί
1039 3279 1113 3328 κινη-

92 3329 184 3398 τικαί).
227 3328 383 3398 Diogenem
406 3349 518 3400 quoque
541 3332 681 3396 videmus,
709 3345 773 3383 cum
800 3335 862 3398 περί
888 3334 1113 3400 καταστημάτων

94 3402 174 3469 agat,
203 3401 238 3454 de
262 3403 436 3455 removendis
464 3402 613 3456 affectibus
641 3401 719 3469 loqui
748 3401 860 3470 (quibus
889 3402 1004 3456 semotis
1022 3405 1120 3468 ἡδονά

95 3473 334 3541 καταστηματική,
355 3473 372 3526 i.
389 3489 411 3526 e.
432 3476 566 3541 ἀταραξία
586 3473 727 3542 οίίίοὶίιιτλ.
762 3489 861 3538 necue
878 3475 987 3524 tamen
1002 3471 1083 3530 auru
1094 3469 1142 3512 ure

91 3546 182 3611 ἡδονὴ
212 3549 442 3616 καταστηματικὴ
471 3562 539 3601 eum
564 3548 645 3602 recte
672 3544 860 3599 intellexisse
890 3555 931 3590 ex
955 3552 992 3584 ec
1018 3528 1171 3626 κομψή
