2430 3840
491 182 719 237 ηαμα-

174 349 423 425 διαλεξομένους
443 363 497 411 σοι
516 350 568 411 καὶ
587 347 785 426 κομίζοντας,
814 371 878 429 cap.
898 355 939 412 43
970 349 1118 428 ἐκόμιζον

176 487 272 499 .....
297 436 327 500 οἳ
352 437 403 500 καὶ
422 437 619 517 μετέδωκαν;
643 441 695 499 cfr.
720 460 797 516 quae
816 441 1036 501 Radermacher
1057 443 1076 501 1.
1092 462 1116 501 c.

173 532 300 588 notavit.

101 621 150 678 10
174 619 345 678 Acristus
373 621 527 696 gnomicus
554 620 586 677 in
615 621 764 678 sententia
791 619 926 694 ponitur,
950 639 1025 696 quae
1049 623 1117 696 ipsa

174 727 234 767 non
266 708 472 784 comparativa
500 710 545 767 est
575 708 626 767 sed
658 727 726 767 cum
759 711 981 814 comparatione
1014 711 1118 784 aliqua

174 798 313 857 cohaeret
335 798 371 855 fr.
386 796 512 854 XXXIX
535 798 590 855 col.
604 797 653 857 19
678 795 729 856 καὶ
753 796 814 871 γὰρ
839 793 925 871 εἰμὴ
946 796 1003 857 τὸν
1028 793 1115 872 αριθ-

175 883 235 958 μὸν
254 880 331 946 ἴσον
351 881 416 961 ἔχει
436 932 442 943 .
459 932 465 944 .
482 932 487 944 .
504 932 523 957 .,
544 881 613 945 ἀλλ’
634 881 694 947 οῦν
713 902 749 956 γε
832 883 987 948 διέζωσεν
1008 883 1115 961 οὕτως

175 972 226 1033 καὶ
249 970 408 1048 ἀντέοησε
431 972 638 1048 οεζμοιιμένη,
662 971 775 1050 ὥσπερ
798 975 864 1035 τῶν
884 971 976 1036 ὀπῶν
996 971 1014 1035 ὁ
1040 977 1115 1051 βρα-

121 1119 125 1126 .
174 1060 313 1136 χύτατος
334 1058 480 1123 ἄπλατον
499 1059 591 1134 γάλα.
616 1065 667 1122 cfr.
686 1065 838 1124 Blassium
856 1066 875 1123 1.
891 1083 914 1123 c.
929 1085 957 1140 p.
975 1067 1048 1139 189,
1063 1069 1116 1141 qui

174 1153 260 1212 affert
283 1153 350 1211 Joh.
377 1154 428 1225 15,
444 1155 477 1211 6:
502 1149 558 1213 ἐὰν
584 1150 623 1227 μή
648 1170 696 1227 τις
721 1150 809 1232 μείνῃ
836 1151 870 1212 ἐν
895 1150 973 1227 ἐμοί,
997 1151 1115 1228 ἐβλήθη

174 1237 234 1302 ἔξω
263 1238 309 1314 ὡς
337 1238 375 1300 τὸ
399 1241 503 1316 κλῆμα
530 1239 582 1300 καὶ
606 1238 772 1316 ἐξηράνθη.
819 1243 947 1301 alterum
971 1245 1115 1302 aoristum

173 1330 342 1408 gnomieum
377 1330 429 1389 sed
465 1331 527 1390 sine
563 1334 785 1407 comparatione
816 1332 956 1391 adiuncta
987 1333 1116 1392 fortasse

172 1420 264 1479 habes
287 1423 319 1478 in
342 1420 446 1478 eodem
468 1421 504 1478 fr.
529 1422 583 1479 col.
597 1420 641 1479 IV
658 1423 725 1496 2sq.

98 1513 148 1568 11.
174 1508 436 1568 Coniunctivus
465 1509 677 1568 deliberativus
705 1512 814 1569 tertiae
837 1501 981 1586 personae
1003 1511 1039 1569 fr.
1059 1511 1115 1568 XX

172 1599 226 1658 col.
246 1598 315 1657 119
341 1601 371 1656 et
393 1599 429 1656 fr.
449 1599 547 1656 XXIX
570 1598 655 1656 col.I
675 1600 703 1658 3.
750 1600 802 1674 qui
825 1618 895 1658 usus
919 1601 1010 1658 etiam
1035 1601 1115 1675 apud

171 1687 291 1747 Atticos
311 1687 470 1764 scriptores
489 1707 549 1746 non
568 1689 688 1746 omnino
707 1688 799 1762 deest,
818 1689 870 1747 cfr.
884 1687 1116 1748 Kiihner-Gerth

174 1775 226 1835 Gr.
248 1775 300 1836 Gr.
325 1775 388 1834 111
414 1797 443 1852 p.
464 1779 541 1852 221,
570 1777 688 1852 saepius
713 1779 814 1835 autom
836 1778 869 1834 in
893 1796 1026 1837 sermone
1049 1779 1115 1836 vul-

173 1867 239 1944 gari
261 1866 420 1924 iuvenitur.
467 1884 502 1924 cx
521 1866 654 1941 Epicteti
676 1867 775 1940 primo
798 1866 874 1924 libro
899 1866 1009 1926 adnoto
1035 1870 1063 1942 9,
1079 1868 1115 1942 63

174 1955 397 2031 13‚3;15‚5;
424 1956 603 2031 17,2ct33
629 1956 848 2028 18,14ο119.
889 1956 940 2014 cfr.
963 1956 1114 2015 Blassinm

172 2044 191 2101 l.
207 2061 231 2101 c.
254 2064 274 2119 p
300 2045 372 2102 205.
448 2065 449 2068 ¹

97 2135 147 2191 12.
172 2127 217 2192 ἄν
240 2152 312 2192 voce
332 2134 442 2192 omissa
464 2135 497 2191 in
516 2134 665 2191 sententia
683 2133 812 2193 relativa
831 2129 1038 2192 coniunctivus
1061 2153 1114 2209 po-

171 2224 254 2281 nitur
275 2223 312 2280 fr.
326 2221 371 2280 IV
385 2223 439 2281 col.
454 2222 470 2281 Ι
486 2225 535 2281 12.
569 2223 620 2280 cfr.
646 2241 722 2296 quae
744 2222 787 2281 ibi
811 2223 1000 2282 adnotantur.
1034 2223 1114 2298 apud

171 2311 330 2370 Atticistas
354 2331 517 2387 numquam
539 2312 700 2385 invenitur,
724 2312 775 2370 cfr.
794 2311 978 2370 Schmidium
996 2312 1015 2368 1.
1031 2331 1054 2370 ο.
1069 2311 1113 2370 IV

96 2491 146 2548 13.-
169 2485 233 2549 ἵνα
261 2490 500 2548 coniunctionem
528 2491 620 2547 etiam
648 2491 839 2549 antecedente
867 2494 1000 2566 tempore
1028 2509 1113 2565 prae-

169 2579 260 2637 terito
293 2597 409 2653 semper
440 2579 648 2638 coniunctivus
685 2581 826 2654 sequitur.
883 2581 925 2638 sie
957 2581 1048 2638 etiam
1080 2580 1113 2637 in

171 2667 229 2726 NT
250 2660 317 2748 (cfr.
336 2667 486 2726 Blassium
504 2669 524 2726 l.
540 2686 563 2726 ο.
582 2688 611 2744 p.
627 2660 715 2748 216),
736 2671 766 2727 et
780 2668 860 2745 apud
875 2668 1025 2725 Aristeam
1045 2659 1113 2748 (cfr.

170 2756 404 2815 Wendlandium
426 2777 454 2832 p.
472 2749 550 2837 194)
575 2759 605 2815 et
632 2757 806 2833 plerumque
830 2756 911 2832 apud
932 2755 1113 2832 Epictetum,

170 2846 254 2905 cuius
281 2845 341 2905 duo
367 2848 487 2904 tantum
517 2847 651 2921 exempla
682 2847 811 2922 optativi
841 2847 874 2903 in
901 2845 998 2903 indice
1026 2849 1114 2905 notat

119 2975 121 2978 -
171 2933 307 2993 Schenkl.
361 2937 466 2994 notum
498 2939 543 2994 est
570 2935 692 2994 modum
719 2936 888 3011 optativum
916 2936 948 2991 in
978 2954 1113 2994 sermone

168 3024 288 3101 vulgari
309 3025 458 3099 paulatim
481 3027 644 3084 evanuisse.

95 3115 144 3171 14.
170 3108 270 3172 ὥστε
304 3132 419 3190 semper
453 3131 521 3171 cum
552 3113 701 3172 infinitivo
739 3115 866 3171 struitur
902 3115 1024 3189 excepto
1056 3115 1112 3171 XX

169 3201 350 3276 col.II11,
377 3202 430 3260 ubi
461 3204 621 3261 manifesto
650 3203 800 3260 structura
828 3221 888 3260 non
916 3197 1111 3276 ὑποτακτική

171 3293 216 3350 est
236 3292 287 3350 sed
305 3288 532 3366 παρατακτική.
556 3309 627 3350 usus
641 3292 783 3368 vulgaris.
807 3291 838 3348 in
852 3290 973 3351 Aristeu
987 3311 1112 3367 semper,

168 3380 200 3437 in
214 3380 274 3438 NT
288 3381 464 3456 plerumque
478 3380 522 3438 ita
537 3381 671 3455 struitur,
686 3381 738 3438 cfr.
752 3380 903 3438 Blossium
919 3380 939 3438 l.
954 3399 978 3440 ο.
992 3401 1020 3456 p.
1038 3383 1109 3439 219.

92 3470 144 3526 15.
169 3465 219 3540 ὡς
243 3461 312 3548 (pro
336 3461 437 3551 ὥστε)
457 3488 524 3528 curn
541 3469 691 3528 infinitivo
711 3471 844 3529 struitur.
878 3471 921 3529 sic
944 3472 1035 3528 etiam
1059 3488 1110 3544 po-

149 3556 221 3609 etae
246 3559 366 3633 rragr'ci,
390 3558 582 3637 Herodotus,
607 3559 785 3637 Xenophon,
807 3560 859 3618 cfr.
880 3558 1113 3617 Kuhner-Gerth
