2430 3840
488 166 709 231 ..97-

86 326 164 380 vitee
177 336 269 393 ‘quem
288 341 396 394 eorpus.
434 324 501 378 inde
519 327 618 394 posteo
640 323 773 379 effoetum
795 341 858 379 esse
879 326 1031 380 verisimile
1056 331 1108 396 est,

85 397 178 452 etiem
197 395 315 450 effeetus
340 396 428 450 enimi
450 395 540 450 multo
563 396 678 449 meionis
698 412 759 450 esse
782 396 919 451 momenti
941 413 1027 466 quem
1049 415 1108 453 eer-

88 469 165 538 poris
184 467 237 536 (sio
254 469 313 521 iem
332 467 456 536 Usener).
1098 506 1101 511 .

162 539 242 594 eoll
259 557 284 592 v.
301 544 378 592 2-5.
416 537 477 592 Hoc
492 539 567 592 enim
581 539 612 591 in
624 555 656 592 re
670 537 808 607 Elpieurus
828 538 960 593 dissentit
978 540 1109 596 eoene-

90 611 170 679 erito,
193 611 242 679 qui
262 611 385 679 eorporis
406 610 507 664 etomis
532 609 651 678 singulis
675 609 801 680 singulus
825 612 938 665 enimee
960 611 1109 666 adiunctos

90 699 150 737 esse
172 682 274 749 voluit,
303 683 423 735 eundem
450 681 539 752 igitur
561 698 709 735 numerum
736 681 837 736 herum
861 685 890 734 et
915 681 1030 736 illerum
1048 701 1109 739 esse

89 754 211 824 putavit.
232 753 282 808 cfr.
297 754 380 808 liuor-
393 754 433 807 ΙΠ
451 758 601 806 eto-395.

163 830 217 878 ut
246 823 295 879 cfr.
315 824 396 894 Diog.
413 823 545 878 Leostll
569 829 632 890 §ot
653 823 710 893 (Us.
735 843 762 893 p.
783 831 815 877 21
837 825 973 894 scholion)
1064 831 1110 882 καὶ

89 900 123 951 τὸ
151 899 201 962 μέν
228 915 255 950 τι
282 899 386 961 ἄλογον
414 899 502 964 αὐτῆς
528 898 654 967 (ψυχῆς),
689 899 704 950 ὃ
732 903 773 966 τῷ
801 901 890 966 λοιπῷ
913 899 1108 966 παρεσπάρθαι

91 971 211 1033 σώματι·
234 971 267 1022 τὸ
283 971 314 1023 δὲ
328 972 440 1035 λογικὸν
454 970 485 1022 ἐν
498 975 540 1038 τῷ
559 971 665 1035 θώρακι
676 1010 681 1021 .
694 1011 699 1022 .
711 1009 719 1022 .
730 990 750 1034 ,ς
779 967 827 1022 cfr.
842 967 923 1022 Luor.
933 968 972 1022 HI
992 973 1042 1022 136
1049 986 1109 1038 sqq.

79 1075 81 1084 ·
161 1057 187 1093 v.
202 1044 298 1092 8-10
326 1042 457 1096 διέζωσεν
480 1045 526 1094 καλ
549 1042 686 1107 ἀντέδησε
709 1041 894 1108 δεζμουμένη]
913 1042 1110 1111 construetur

90 1127 237 1180 ααανροαα,
245 1127 395 1181 rursusque
403 1128 501 1179 corpus
510 1112 680 1180 constrteqo.
700 1109 920 1165 similiterhuor.
930 1111 970 1164 111
984 1114 1111 1166 323hoes

90 1185 177 1253 ι’ριλια
189 1189 295 1238 παλαια
308 1185 356 1250 (eo.
372 1183 477 1251 anime)
486 1189 593 1237 tenetur
602 1183 851 1250 οοιροπααᾶοιιιιιι,
865 1185 1003 1251 ι’ροαροαο
1092 1185 1098 1197 “

90 1260 130 1308 est
146 1261 236 1309 eustos
254 1261 278 1309 et
296 1271 383 1310 ααιιαα
399 1255 506 1309 παλαιόρ.
545 1254 579 1307 ds
597 1255 725 1322 tempore
744 1253 793 1307 eir.
812 1253 904 1308 Praef.
923 1271 950 1322 p.
966 1253 1027 1307 XLI
1055 1297 1060 1308 .
1096 1254 1097 1258 ’

161 1343 187 1379 π.
208 1332 240 1380 12
269 1328 394 1382 ἄπλατον
421 1327 506 1395 γάλα]
534 1326 569 1379 de
597 1341 664 1378 vooe
694 1327 817 1390 ἄπλατος
841 1328 888 1394 (ιτ
904 1328 1033 1395 ἄπλετος)
1060 1326 1109 1381 oft.

91 1395 181 1452 Pnef.
202 1416 229 1466 p.
244 1396 383 1453 XXXVII.

162 1475 306 1536 v.13sqq.
338 1468 392 1523 toti
410 1468 477 1522 huie
491 1468 554 1522 loeo
573 1467 674 1521 similis
689 1469 735 1521 eet
749 1467 827 1521 loeus
843 1469 892 1536 qui
910 1467 1016 1538 legitur
1034 1468 1111 1536 opud

92 1540 319 1609 Epie.ep.165‚
347 1539 398 1594 ubi
416 1540 528 1593 enimes
540 1540 661 1607 tentum,
688 1555 745 1592 non
767 1539 878 1607 conponi
900 1555 1013 1592 sensum
1031 1539 1111 1593 inne-

92 1613 154 1663 tum
182 1626 242 1665 esee
270 1613 421 1678 probetne,
452 1616 482 1665 et
508 1611 587 1666 Lucr.
611 1629 636 1665 π.
662 1615 827 1678 aee-416,
855 1610 958 1679 quibus
986 1611 1112 1665 animum

93 1681 208 1734 maioris
235 1683 372 1737 momenti
399 1698 459 1737 esse
488 1699 574 1752 quem
606 1682 731 1736 animem
763 1682 800 1736 ed
828 1682 995 1736 servendum
1021 1682 1111 1737 vitem

95 1753 218 1807 slooetur.
261 1753 311 1807 sed
334 1753 524 1809 confitendum
547 1756 603 1820 est,
622 1770 660 1808 ee
680 1770 753 1822 quee
776 1753 897 1822 legimus
920 1753 958 1808 sle
978 1754 1112 1808 membris

95 1824 227 1878 abscissis
246 1827 275 1878 et
288 1826 395 1880 talibus
414 1826 497 1880 rebus
517 1826 554 1880 ed
572 1825 637 1879 illes
652 1825 767 1894 Epicuri
782 1825 1113 1895 etLuoretii'ergumen-

94 1896 217 1950 tationes
235 1897 324 1950 multo
344 1898 438 1967 aptius
458 1897 552 1952 efferri
576 1914 661 1966 quem
687 1897 725 1950 ed
743 1897 824 1950 hene.
862 1914 928 1950 nem
951 1897 976 1950 si
999 1897 1111 1963 dieitur,

96 1967 210 2036 corpore
229 1966 378 2023 debilitato
392 1969 437 2024 vel
451 1970 582 2024 mutilato
596 1971 693 2022 temen
711 1969 836 2022 enimam
851 1985 964 2022 sensum
982 1969 1111 2034 retinere,

96 2039 146 2092 sed
164 2037 260 2092 anime
279 2039 395 2108 expulsu
414 2057 515 2109 eorpus
533 2057 687 2108 numquam
705 2039 811 2094 sentire
824 2039 953 2108 quemvis
971 2039 1113 2110 integrum

92 2110 141 2176 sit,
164 2109 218 2163 heo
241 2110 357 2177 quidem
375 2127 409 2163 ex
426 2128 457 2165 re
476 2111 606 2165 concludi
624 2113 729 2180 potest,
751 2110 876 2164 animem
902 2110 991 2164 solem
1014 2126 1112 2165 sensus

95 2197 210 2236 oensem
228 2197 298 2249 esse,
318 2198 474 2250 corpusque
493 2183 517 2236 si
536 2181 642 2236 sentiet
654 2185 803 2250 praesente
822 2182 925 2248 anime,
944 2198 1056 2236 sensum
1075 2183 1111 2237 eb

95 2252 147 2307 ille
173 2254 285 2306 tentum
312 2255 441 2307 mutuum
468 2253 581 2308 hebere.
622 2253 769 2309 Lueretius
797 2270 908 2323 quoque
936 2255 996 2308 iure
1020 2255 1113 2308 dicere

94 2326 197 2394 potest,
216 2325 327 2379 animae
342 2325 458 2394 quidem
471 2341 604 2395 maguum
622 2327 731 2393 purtem
744 2324 887 2379 hominem
904 2325 1032 2394 perdere,
1050 2343 1114 2379 oum

95 2395 223 2450 membre
240 2396 343 2465 perdet
361 2397 437 2466 (nem
456 2397 568 2450 enimee
588 2397 695 2451 semine
712 2413 764 2466 per
782 2399 874 2452 totum
893 2413 992 2466 eorpus
1017 2396 1114 2450 dietri-

95 2467 166 2521 butu
185 2470 275 2537 sunt),
302 2483 393 2536 neque
421 2471 516 2521 temen
542 2467 622 2535 mori,
651 2468 675 2522 si
701 2468 785 2522 modo
813 2469 923 2522 enimus
946 2467 977 2520 in
998 2470 1113 2537 peetore

95 2542 253 2605 remanent,
277 2543 307 2592 ut
330 2541 429 2593 contre
451 2539 545 2593 animo
564 2540 734 2608 interempto
753 2538 840 2593 etiem
865 2539 990 2592 animem
1012 2540 1113 2607 perire,

97 2613 182 2678 utque
200 2605 262 2666 iuie
280 2627 314 2664 ex
333 2627 366 2664 eo
386 2610 518 2680 colligere
537 2612 639 2679 potest,
659 2611 785 2664 animum
804 2611 949 2664 advitam
967 2611 1113 2665 ἄοιιιιααιι-

96 2684 191 2737 liorem
209 2699 269 2736 esse
288 2698 374 2750 quum
393 2682 525 2736 animam.
564 2682 614 2736 sed
632 2682 701 2750 quid
719 2682 773 2735 hoo
797 2685 852 2749 eet,
878 2681 954 2750 quod
972 2680 1113 2752 Diogenes

97 2752 176 2818 dicit,
195 2752 346 2808 debilitato
364 2752 410 2807 vel
425 2753 592 2807 obtnunouto
607 2769 722 2821 corpore
735 2753 862 2806 homines
880 2769 937 2807 non
950 2752 1030 2821 mori,
1049 2769 1114 2808 eum

97 2824 192 2878 anime
209 2827 363 2892 remanent,
383 2825 479 2879 euimu
492 2828 588 2878 eutem
601 2824 728 2907 fugiente
746 2823 819 2878 mori
832 2839 879 2878 eos
893 2825 1023 2893 quumvis
1041 2824 1114 2879 inte-

98 2913 180 2964 grum
198 2896 235 2949 sit
254 2913 362 2967 eorpus,
386 2899 417 2949 et
433 2896 500 2950 inde
519 2912 650 2966 oognoem
673 2911 755 2965 posse
779 2913 864 2963 quem
886 2895 976 2950 multo
998 2896 1113 2951 maioris

97 2966 229 3034 ponderis
248 2968 286 3021 ud
303 2969 393 3022 vitem
412 2968 579 3022 servendum
599 2967 636 3020 sit
654 2967 750 3020 enimn
768 2974 900 3036 corpore?
933 2983 1033 3021 senum
1052 2968 1114 3037 qui-

99 3037 163 3092 dem
182 3043 378 3105 argumentum
396 3057 453 3093 nou
472 3041 522 3094 est.
556 3039 654 3093 eodem
672 3039 733 3092 iure
752 3038 846 3093 dicere
859 3038 954 3108 potuit
971 3038 1114 3092 hominem

99 3109 265 3163 obtruncato
284 3127 398 3181 corpore
416 3115 513 3166 temen
525 3110 628 3178 vivere,
648 3127 711 3164 eum
724 3109 784 3165 vitu
802 3112 967 3165 remuneret.
1004 3125 1071 3163 nem
1088 3111 1113 3164 si

99 3180 162 3249 quis
186 3181 371 3248 quaesivisset
393 3182 562 3252 Diogenem,
584 3182 660 3237 unde
684 3183 873 3254 cognosceret
900 3200 967 3235 num
994 3181 1113 3251 perditis

99 3251 231 3305 membris
246 3253 341 3306 enimn
354 3253 385 3306 in
399 3271 513 3322 eorpore
528 3257 713 3323 penmuneret,
732 3270 789 3308 nou
799 3253 907 3319 dubito,
922 3253 990 3321 quin
1000 3269 1114 3322 respou-

100 3341 183 3446 surusl
199 3322 285 3448 {uerit
303 3324 389 3392 „quie
407 3325 479 3379 vivit
496 3326 604 3380 homo“.
643 3325 757 3394 Epicuri
781 3324 989 3396 argumentatio
1013 3323 1114 3378 stolide

99 3395 233 3448 mutina
252 3397 302 3448 est.

171 3466 223 3520 ool.
243 3466 282 3519 ΠΙ
304 3471 362 3519 πθ
390 3469 493 3536 alnoo]
509 3468 527 3521 i.
543 3485 566 3522 ο.
586 3474 637 3523 τοῦ
661 3474 722 3536 Ζῆν.
759 3469 899 3521 oonxtnue
923 3469 1075 3516 noenum
1102 3461 1144 3502 au

99 3541 219 3606 ψυχικὸν
232 3541 315 3607 μέρος
333 3541 415 3607 ἡμῶν
430 3540 521 3596 αὐτοῦ
536 3542 601 3610 (τοο
613 3544 682 3611 {llll
694 3540 856 3609 ραοιλελιει,
894 3529 1005 3582 nunno
1021 3537 1070 3570 m
1079 3516 1173 3564 ΨΜ

144 3639 266 3681 Βιοαιπιο
283 3639 483 3686 Oenomaus
504 3645 649 3696 fingmento.
664 3641 705 3682 ee.
715 3637 878 3681 mixtum.
