2430 3840
475 133 717 188 —XXXII-

94 323 168 380 opus
198 303 245 362 sit.
300 303 353 360 illa
384 303 541 380 elegimus,
570 323 645 380 quae
675 305 760 366 nobis
790 308 916 365 maxime
948 311 1111 384 conspicua

94 412 156 455 esse
179 391 365 451 videbantur.

161 481 337 560 Progredior
360 483 417 554 ita,
440 484 474 539 ut
497 485 627 558 primum
649 484 795 543 vocabula
817 485 982 544 recentiora
1005 491 1036 545 et
1061 507 1110 547 ve-

93 577 175 633 tuste
205 571 325 648 quidem
355 572 406 630 sed
435 590 542 630 novam
572 572 820 649 significationem
851 575 972 650 adepta,
1002 575 1112 637 deinde

93 662 239 723 vocabula
271 661 401 738 poetica,
433 663 498 720 tum
531 679 581 734 ea,
620 681 695 736 quae
733 663 770 721 ad
803 664 1006 740 phoneticum,
1044 669 1111 724 turn

95 771 170 826 quae
193 750 232 809 ad
254 750 409 809 flexionem
433 753 582 825 spectant,
605 754 755 826 postremo
780 756 945 812 structuras
969 754 1112 832 vulgares

94 859 270 900 enumerem.

144 1056 166 1112 I.
190 1053 372 1112 Vocabula
394 1053 599 1112 recentiora
623 1054 698 1113 sive
721 1059 866 1115 vetusta
891 1058 950 1116 sed
973 1077 1065 1116 nove

362 1143 638 1220 significatione
661 1146 836 1219 praedita.

95 1282 252 1359 ἀκήδεια
276 1288 338 1344 sive
362 1280 475 1358 ἀκηδία
499 1285 534 1344 fr.
549 1286 648 1344 XXIV
667 1288 721 1346 ool.
737 1287 783 1345 III
800 1290 827 1347 9.
865 1284 997 1362 ἀκήδεια
1019 1289 1114 1348 habet

162 1375 300 1450 Apollon.
325 1375 418 1433 Rhod.
442 1374 489 1432 III
505 1377 582 1450 298,
607 1371 720 1449 ἀκηδία
747 1377 858 1454 legitur
883 1379 914 1434 in
938 1376 1026 1451 LXX,
1050 1376 1112 1437 Oic.

162 1465 201 1524 ad
219 1465 282 1522 Att.
305 1468 359 1539 12,
379 1466 434 1537 44,
457 1465 538 1539 apud
557 1464 735 1540 humanum,
755 1466 830 1524 alios
851 1469 1036 1526 recentiores.
1063 1488 1112 1527 ve-

162 1556 344 1614 tustissimus
358 1555 443 1612 testis
459 1556 504 1612 est
518 1554 714 1629 Hippocrates
738 1573 769 1614 rr.
785 1551 905 1615 ἁδινῶν
924 1577 952 1630 p.
970 1558 1043 1628 272,
1059 1558 1112 1618 39.

162 1645 288 1702 fortasse
311 1643 412 1701 Ionica
435 1662 492 1701 vox
516 1645 568 1701 est.

97 1728 287 1806 ἀκηρασία
314 1731 438 1789 dubium
467 1735 511 1789 est
534 1752 605 1789 num
628 1736 707 1790 recte
731 1734 907 1808 suppleatur
930 1734 965 1791 fri
985 1735 1112 1793 XXXIX

164 1820 329 1894 colive,
352 1823 512 1893 intepretes
559 1822 670 1896 legItur
698 1822 776 1896 apud
804 1822 935 1897 Apollin.
963 1823 1112 1898 Metaphr.

163 1911 210 1970 Ps.
237 1912 321 1982 14,3
347 1913 376 1967 et
402 1912 452 1983 17,
470 1911 521 1983 54,
545 1910 595 1967 ubi
619 1910 769 1987 significat
786 1914 914 1984 paretes.
960 1911 1012 1970 sed
1035 1907 1111 1986 ἀκή-

164 2015 262 2073 ρατος
284 2001 375 2056 etiam
395 2001 504 2071 intcper
523 2002 567 2058 est
588 2002 618 2057 et
643 1999 809 2074 Hesychius
830 1990 917 2059 notat
942 1995 1111 2073 ἀκηρεσία·

164 2084 339 2164 ἀφθαρσία.

98 2174 190 2251 thor
214 2179 249 2235 fr.
264 2177 359 2235 XXIV
386 2179 440 2234 eol.
456 2177 501 2234 III
518 2180 567 2236 10.
614 2179 727 2252 primus
755 2178 863 2236 habere
888 2178 1008 2236 videtur
1033 2179 1112 2239 Zeno

164 2267 244 2342 apud
273 2266 362 2325 Olem.
392 2266 475 2324 Alex.
499 2267 587 2326 Paed.
612 2266 658 2324 ΙΙΙ
680 2269 733 2334 11,
756 2270 796 2325 74
822 2259 871 2347 (fr.
894 2268 955 2325 246
981 2261 1113 2350 Arnim),

164 2359 282 2432 saepius
305 2356 395 2414 habet
418 2355 596 2414 Plutarchus
621 2359 650 2414 et
673 2356 751 2413 idem
776 2355 865 2414 Olem.
890 2356 972 2414 Alex.

99 2441 141 2505 ἄν
170 2465 225 2522 pro
254 2441 310 2504 ἐάν
339 2463 455 2519 semper
482 2446 599 2503 dicitur.
646 2446 697 2502 cfr.
728 2445 848 2504 Schmid
873 2444 1045 2504 Attc'rc‘sruus
1069 2447 1114 2504 IV

163 2555 191 2610 p.
210 2536 272 2592 123
284 2553 347 2610 sqq.
394 2534 552 2609 aliquoties
575 2535 607 2591 in
631 2534 798 2593 oratoribus
822 2534 931 2592 AttioIs
956 2538 986 2592 et
1008 2535 1114 2594 inscri-

164 2624 316 2699 ptionibus
340 2623 449 2680 Atticis
472 2623 541 2680 inde
565 2641 583 2679 a
607 2641 681 2680 saec.
700 2623 728 2678 V
748 2643 773 2680 a.
795 2623 870 2696 ehu,
893 2642 1058 2698 numquam
1081 2625 1115 2683 in

163 2716 286 2788 papyris
309 2711 462 2786 Parisinis‚
485 2713 546 2768 fere
569 2731 732 2786 numquam
755 2714 787 2769 in
810 2712 869 2770 NT
892 2713 1057 2790 invenitur,
1081 2715 1114 2773 in

164 2802 337 2877 posterioris
364 2804 465 2858 tamen
493 2803 601 2859 aetatis
630 2819 761 2859 sermone
785 2801 900 2877 pleheio
923 2821 1026 2861 rursus
1050 2822 1114 2862 sae-

164 2893 232 2966 pius
256 2894 426 2964 usurpatur.

64 2969 69 2976 ’
99 2976 299 3054 ἀπόφασις
331 2997 385 3053 pro
414 2974 531 3055 φάσις,
560 2974 677 3052 φάσμα
709 2979 744 3036 fr.
764 2979 839 3037 VIII
866 2979 920 3038 col.
941 2979 1010 3038 He
1041 2981 1116 3040 alibi

165 3089 224 3128 non
247 3068 406 3127 invenitur.

100 3155 284 3233 βαρέομαι
321 3175 374 3231 pro
413 3153 537 3230 βαρέως
575 3153 699 3231 φέρειν,
738 3156 907 3216 λυπεῖσθαι
949 3159 984 3216 fr.
1018 3158 1115 3217 LXIV

166 3247 220 3305 col.
234 3247 282 3304 III
299 3251 326 3304 Il.
360 3246 411 3304 cfr.
431 3245 527 3304 Praef.
546 3266 576 3321 p.
591 3245 696 3304 XXVI.
725 3249 847 3322 propter
866 3246 1115 3323 significationem

165 3336 214 3393 hic
241 3337 444 3408 enumeratur,
473 3335 524 3394 sed
553 3335 604 3393 cfr.
634 3337 724 3393 etiam
753 3335 806 3394 sub
829 3336 952 3395 vocibus
980 3337 1115 3410 poeticis.

101 3421 211 3500 βάσις
235 3444 289 3499 pro
310 3421 439 3498 σκέλος,
464 3424 547 3497 ποῦς
571 3425 607 3486 fr.
622 3424 746 3483 XXXIX
762 3425 816 3484 col.
831 3424 878 3482 ΙΠ
894 3426 922 3484 6.
960 3425 1050 3484 semel
1073 3426 1115 3484 le·

166 3516 250 3592 gitur
272 3514 352 3590 opud
374 3514 531 3573 Platonem
554 3513 629 3573 Tim.
646 3516 725 3589 92a,
749 3533 837 3589 saepe
860 3514 940 3588 apud
958 3512 1116 3573 Philonem
