2430 3840
486 161 518 169 -
555 128 633 181 XVII
669 161 701 168 —

84 300 120 357 fr.
137 300 177 357 57
194 290 239 380 (Π
253 300 307 359 ool.
321 291 351 380 I)
367 299 501 357 videmus
515 300 689 373 scriptorem
704 297 963 372 demonstrantem,
978 296 1102 357 eandem

83 408 147 447 rem
161 378 363 470 (ἀταραξίαν)
378 387 515 446 omnibus
533 387 703 445 hominibus
722 387 869 463 prodesse,
889 390 918 445 et
937 387 972 444 fr.
990 388 1029 444 59
1046 377 1090 464 (Ι)

85 477 249 536 deflendam
278 495 340 535 esse
368 476 523 534 hominum
546 479 641 534 vitam
663 479 780 551 tempus
804 476 1006 551 perdentium,
1031 477 1102 550 quia

86 565 229 640 nesciant,
248 585 323 640 quae
342 566 441 624 animo
461 584 537 640 quae
556 566 672 640 corpori
691 565 758 623 usui
781 567 849 638 sint,
868 565 944 623 talia
967 567 999 622 in
1016 584 1101 640 prae-

87 656 201 713 fatione
228 654 367 730 physicae
395 654 608 730 disputationis
637 655 862 713 commemorari
889 672 948 713 non
976 654 1102 725 mireris,

86 763 156 802 oum
180 743 325 818 Epicurus
349 744 412 819 ipse
430 745 518 802 initio
537 744 682 818 epistulae
707 744 861 815 secundae,
882 762 941 817 qua
960 743 996 801 de
1015 741 1102 800 rebus

87 832 265 891 caelestibus
289 833 398 909 agitur,
421 833 476 891 hoc
496 832 647 907 scripserit
671 823 704 911 (ξ
721 833 771 904 85,
791 832 841 891 Us
865 853 893 907 p.
915 833 967 906 36,
993 823 1101 911 lsqqsl

88 921 219 994 πρῶτον
234 919 291 996 μὲν
306 917 365 980 οὖν
385 919 425 995 μή
446 917 526 981 ἀλλο
546 938 574 979 τι
593 918 687 994 τέλος
708 918 743 978 ἐκ
761 921 818 994 τῆς
838 918 909 995 περὶ
930 917 1100 994 μετεώρων

88 1007 244 1083 γνώσεως
274 1053 369 1069 .....
398 1007 536 1084 νομίζειν
571 1005 651 1069 εἶναι
678 1006 697 1083 ἤ
722 1027 782 1083 περ
812 1006 1024 1084 ἀταραξίαν
1052 1007 1103 1067 καὶ

88 1095 197 1158 πίστιν
222 1095 350 1174 βέβαιον
374 1095 516 1173 καθάπερ
536 1096 587 1158 καὶ
611 1095 752 1157 ἐπὶτῶν
776 1099 908 1158 λοιπῶν.
943 1099 1010 1158 aliis
1030 1099 1102 1156 loeis

89 1188 157 1247 aliis
184 1188 283 1247 verbis
310 1189 389 1246 idem
418 1189 530 1247 dictum
558 1191 616 1262 est,
645 1192 680 1245 ut
703 1205 769 1262 κυρ.
794 1186 858 1248 δόξ.
878 1188 920 1246 XI
949 1184 975 1246 εἰ
1006 1186 1104 1261 μηθὲν

87 1274 171 1352 ἡμᾶς
196 1273 228 1336 αἱ
255 1278 320 1336 τῶν
349 1274 520 1351 μετεώρων
544 1274 681 1349 ὑποψίαι
705 1274 875 1350 ἠνώχλουν
900 1275 950 1336 καὶ
975 1273 1006 1336 αἱ
1031 1274 1103 1350 περὶ

87 1363 239 1436 θανάτου,
255 1364 377 1440 μήποτε
392 1364 475 1440 πρὸς
490 1361 572 1439 ἡμᾶς
593 1362 612 1444 ᾖ
633 1383 669 1436 τι,
692 1361 737 1424 ἔτι
757 1382 791 1425 τε
810 1363 848 1426 τὸ
869 1364 907 1439 μὴ
933 1365 1103 1424 κατανοεῖν

88 1453 168 1529 τοὺς
192 1450 292 1529 ὅρους
315 1456 381 1515 τών
405 1451 597 1528 ἀλγηδόνων
619 1453 753 1514 καὶτῶν
774 1451 956 1529 ἐπιθυμιῶν,
981 1451 1039 1514 οὐκ
1064 1450 1104 1513 ἀν

90 1541 335 1619 προσεδεόμεθα
358 1541 588 1619 φυσιολογίας;
613 1545 664 1604 cfr.
689 1546 780 1602 etiam
804 1561 870 1618 κυρ.
886 1541 951 1606 δόξ.
966 1545 1001 1602 Χ.
1048 1545 1104 1600 ia-

91 1654 148 1710 que
176 1653 243 1692 oum
270 1633 424 1693 videamus
451 1634 671 1710 physiologiam
704 1634 791 1708 quasi
823 1634 964 1692 ancillam
992 1633 1107 1691 ethicae

91 1721 254 1797 Epicureos
269 1724 461 1798 existimasse,
476 1723 551 1781 nihil
570 1722 660 1781 habet
679 1723 857 1797 offensionis,
878 1723 956 1798 quod
970 1722 1002 1779 in
1021 1742 1106 1796 prae-

90 1813 204 1870 fatione
230 1813 430 1888 physiologici
458 1813 562 1889 scripti
588 1813 624 1870 de
648 1812 754 1871 studiis
782 1814 936 1870 hominum
960 1813 1106 1887 perversis

93 1903 124 1958 et
157 1901 193 1957 de
224 1901 279 1959 illa
312 1901 404 1959 animi
437 1902 621 1976 condicione,
659 1920 750 1976 quam
787 1897 961 1974 ἀταραξίαν
999 1903 1108 1958 vocant

92 1987 207 2065 Graeci,
230 1990 280 2068 agi
294 1990 437 2064 videmuS,
461 2009 527 2049 cum
541 1992 651 2049 notitia
664 2010 764 2048 rerum
784 1993 908 2049 naturae
933 1989 969 2048 ob
993 1991 1108 2047 nullam

91 2079 186 2137 aliam
209 2097 329 2137 causam
351 2079 479 2154 petenda
507 2081 547 2138 sit
575 2079 734 2138 secundum
759 2080 921 2154 Epicurum
945 2080 1005 2137 nisi
1028 2078 1109 2153 quod

90 2164 267 2241 ἀταραξίαν
290 2167 407 2227 efficiat.
441 2187 507 2226 oum
532 2172 633 2226 autem
656 2169 691 2226 fr.
709 2170 748 2225 57
764 2189 792 2226 τ.
810 2171 849 2226 13
866 2168 945 2224 —fn
963 2169 1003 2225 58
1024 2166 1109 2224 coll

93 2260 154 2315 v.1
180 2248 227 2338 (=
243 2258 278 2315 fr.
293 2256 325 2314 ΙΙ
340 2258 392 2315 col.
408 2257 431 2332 I,
449 2257 589 2315 13—col.
605 2256 643 2330 ll,
661 2250 694 2337 1)
714 2257 794 2315 dieat
813 2258 949 2332 scriptor,
969 2275 999 2314 se
1019 2260 1109 2314 antea

92 2346 167 2404 duas
191 2347 327 2406 attulisse
355 2364 459 2424 causas
487 2365 538 2404 cur
565 2345 701 2405 libellum
725 2348 928 2421 componeret,
951 2346 986 2404 fr.
1009 2348 1048 2404 59
1065 2336 1109 2426 (Ι)

94 2437 194 2493 autem
222 2453 312 2494 causa
340 2435 488 2494 scribendi
520 2435 622 2510 aliqua
654 2435 808 2509 afferatur,
841 2436 896 2493 hoc
930 2437 999 2492 ante
1033 2434 1110 2492 illud

94 2523 299 2582 collocandum
328 2527 386 2598 est,
414 2524 495 2599 quod
521 2528 600 2583 recte
623 2524 667 2582 ita
690 2524 755 2582 fieri
778 2525 907 2599 quodam
930 2524 1018 2582 modo
1041 2543 1110 2598 pro-

94 2612 183 2670 batur
209 2613 245 2670 fr,
266 2614 307 2671 58
332 2614 385 2671 col.
404 2613 451 2671 ΠΙ
475 2605 570 2693 (fan
593 2614 647 2671 col.
666 2606 724 2693 IV)
754 2614 886 2672 versibus
916 2616 1020 2689 3sqq,
1058 2613 1110 2670 ubi

92 2703 220 2778 legimus
251 2705 425 2778 scriptorem
455 2705 544 2760 antea
575 2703 610 2760 de
641 2702 724 2760 falsis
755 2703 944 2779 opinionibus
975 2695 1109 2783 (ψευδο-

91 2783 200 2872 οοξία)
228 2792 383 2849 hominum
411 2792 543 2849 locutum
572 2809 647 2865 esse,
678 2791 786 2865 quibus
815 2791 912 2850 verbis
940 2792 976 2848 fr.
1003 2792 1043 2849 59
1067 2787 1110 2870 (Ι)

95 2882 206 2954 optime
230 2882 377 2958 congruit.

161 2969 319 3043 Epistulae
343 2969 381 3027 ad
408 2972 534 3027 matrem
562 2969 649 3026 datae
673 2970 842 3046 fragmenta
870 2989 966 3044 pauca
990 2970 1026 3028 ab
1050 2970 1112 3028 edi-

94 3057 211 3115 toribus
239 3058 406 3118 Austriacis
434 3061 513 3117 recte
543 3059 680 3116 ordinata
709 3061 791 3133 sunt,
819 3077 889 3116 nam
912 3059 964 3117 frr.
981 3061 1112 3116 23—24

98 3137 233 3227 (LXIV),
261 3167 337 3221 quae
365 3153 467 3206 utrum
491 3151 559 3206 ante
583 3148 633 3205 frr.
659 3149 789 3205 21-22
814 3138 941 3228 (LXIII)
976 3168 1012 3205 an
1047 3152 1114 3223 post

96 3234 269 3294 collocanda
292 3240 390 3295 essent
408 3237 540 3295 dubitari
560 3239 668 3311 potuit,
692 3240 757 3295 arte
776 3238 934 3296 coniuncta
958 3240 1028 3295 suut
1047 3256 1113 3294 cum

96 3325 259 3402 fragmenti
289 3329 329 3383 22
363 3317 491 3407 (LXIII)
534 3326 671 3385 columna
714 3327 836 3400 ultima,
878 3329 913 3384 ut
955 3344 1007 3384 suo
1048 3327 1113 3385 loco

96 3412 237 3488 probabo.

164 3502 386 3578 Disputationis
410 3504 445 3562 de
470 3507 620 3563 senectute
647 3504 816 3581 fragmenta
840 3505 888 3560 ita
910 3502 1074 3565 exesus-si,
1092 3502 1152 3575 as»,

151 3611 270 3654 Droonsra
285 3611 472 3654 Onomastus
486 3614 621 3664 fragmenta
635 3613 674 3654 sd.
685 3611 837 3653 Willlam.
958 3592 989 3639 l)
