2430 3840
495 137 698 190 -Xffl-

89 311 242 368 servatum
259 307 295 365 fr.
314 307 371 365 ine.
389 326 418 382 p.
435 309 475 365 27
495 306 594 365 media
607 297 644 387 O)
664 307 701 365 ab
720 306 887 365 Austriaeis
907 306 1105 381 disputationi

88 397 125 456 de
145 399 295 456 senectute
313 396 459 454 insertum
477 395 527 454 vix
545 396 602 453 hue
620 398 758 471 pertinet,
777 398 919 470 quoniam
939 414 956 452 a
977 394 1104 454 Gousino

88 486 298 546 mutilatorum
317 485 453 560 lapidum
471 486 495 542 ii
512 486 632 543 tantum
651 482 1029 561 ,111111111111111,11111111111111ιι
1053 503 1104 559 ap-

88 575 249 652 pellantur,
268 575 322 650 qui
340 575 441 649 parvis
455 572 565 632 litteris
579 575 716 648 inseripti
731 577 800 633 sunt
815 565 881 654 (ofr.
898 572 983 632 Oous.
998 594 1026 649 p.
1039 565 1105 654 60).

157 663 222 723 Ηοα
243 663 331 722 modo
359 662 535 738 fragmentis
563 681 634 721 suae
659 682 775 738 quoque
800 663 997 738 disputationi
1020 664 1106 720 attri-

89 753 172 812 butis
195 753 382 812 considerare
400 769 517 810 neeesse
540 753 594 826 est,
618 771 707 827 quem
725 753 824 810 looum
848 753 880 810 in
902 751 1009 810 harum
1031 769 1104 809 una-

90 861 211 919 queque
229 844 359 900 teneant.
388 859 422 899 ae
440 843 570 916 primum
589 841 709 916 quidem
727 841 764 899 de
782 840 990 900 dissertatione
1009 840 1106 899 ethica

90 949 223 1008 agamus.
258 930 385 989 editores
409 929 506 989 adhue
530 948 596 988 eam
618 931 715 1008 legem
733 932 826 988 seeuti
845 932 922 1008 sunt,
946 933 981 987 ut
999 930 1105 1004 quinto

90 1020 204 1080 deeimo
227 1020 280 1078 illo
306 1036 392 1077 versu
410 1019 497 1095 quasi
520 1037 624 1077 norma
647 1019 805 1078 ordinandi
827 1022 991 1078 uterentur.
1036 1037 1107 1076 nam

90 1109 250 1168 verisimile
279 1127 341 1167 esse
368 1111 551 1184 putaverimt
574 1109 735 1168 sententias
762 1107 866 1167 eodem
889 1108 990 1166 ordine
1015 1109 1106 1166 aliam

92 1199 184 1256 eliam
202 1199 358 1273 excepisse,
382 1217 471 1273 quem
488 1197 580 1256 habet
597 1198 820 1275 gnomologium
838 1198 914 1255 illud
933 1197 1013 1273 apud
1035 1196 1106 1254 Dio·
1150 1234 1155 1243 ·

92 1282 677 1366 31111111111111111119111111111,κυρίας
697 1283 888 1362 δόξαςαιιαε
911 1289 1027 1344 vocant.
1056 1285 1107 1343 sed

90 1377 147 1436 hee
178 1395 238 1434 non
265 1376 344 1434 idem
367 1392 429 1434 esse
453 1395 488 1433 ex
520 1375 570 1433 fr'r.
593 1378 647 1450 76,
673 1377 712 1434 77
734 1367 796 1456 (L),
820 1369 914 1454 80181
940 1366 1106 1455 (XLVIII),

93 1468 135 1525 84
159 1456 241 1546 (LV)
270 1466 471 1541 cognoscitur,
499 1466 611 1540 quippe
639 1483 715 1539 quae
742 1464 827 1523 nobis
854 1465 1017 1540 praebeant
1039 1463 1107 1521 reli-

92 1556 179 1630 quias
203 1554 426 1628 sententiarum,
450 1573 524 1629 quas
548 1554 697 1631 Diogenes
715 1553 854 1613 Laertius
873 1572 932 1613 non
951 1553 1054 1626 habet3
1078 1556 1107 1610 et

90 1645 171 1702 inter
194 1660 259 1716 κυρ.
280 1639 344 1703 δόξ.
364 1642 408 1700 VI
427 1645 457 1700 et
475 1643 551 1701 VIII
574 1643 657 1701 deest
680 1645 819 1718 septima,
844 1646 879 1701 ut
902 1662 936 1701 ex
959 1643 995 1703 fr.
1012 1634 1104 1719 6676?

92 1724 218 1814 (XLIV)
242 1733 437 1810 eognoseitur.
475 1732 555 1808 quod
578 1734 739 1791 nunciam
762 1735 858 1810 magis
882 1734 1015 1808 apparet,
1029 1749 1106 1789 oum

94 1823 186 1880 etiam
215 1822 266 1879 frr.
287 1823 416 1879 27-32
442 1813 666 1903 (LVI—LXI),
697 1840 773 1897 quae
804 1821 843 1881 ad
873 1822 954 1880 idem
986 1837 1107 1898 gnomo·

92 1911 207 1988 logium
236 1911 384 1985 pertinere
414 1929 461 1970 me
490 1910 632 1986 probasse
662 1929 761 1986 spero,
789 1906 960 1970 sententias
978 1910 1109 1969 habeant

93 2019 170 2076 quae
198 1999 279 2074 apud
305 1998 467 2076 Diogenem
493 1998 647 2058 Laertium
674 2019 733 2058 non
760 2000 960 2058 inveniantur.
1011 1998 1108 2058 simile

92 2089 186 2166 Igitur
208 2088 264 2146 hoe
291 2088 514 2165 gnomologium
542 2094 588 2147 est
609 2089 669 2162 illi,
692 2089 772 2164 quod
795 2107 891 2164 nuper
912 2091 1067 2147 inventum
1091 2106 1108 2144 a

93 2177 216 2236 Wotkio
245 2167 358 2257 (Woe.
387 2175 469 2235 seua
492 2177 520 2234 X
549 2179 610 2234 191
628 2171 706 2257 sqq.)
736 2178 848 2235 editum
876 2181 928 2236 est.
980 2197 1049 2234 nem
1077 2177 1108 2234 in

93 2267 146 2326 illo
176 2285 292 2342 quoque
319 2266 399 2323 inter
426 2265 501 2324 alies
534 2267 695 2324 sententies
727 2262 836 2339 κυρίας
865 2263 962 2339 δόξας
990 2283 1109 2341 sparsas

94 2373 156 2414 esse
180 2355 323 2428 videmus,
347 2357 377 2412 et
395 2373 445 2414 eas
469 2353 597 2430 quidem,
617 2355 696 2430 quod
721 2374 799 2414 nune
821 2355 943 2414 maximi
966 2357 1110 2413 momenti

94 2449 147 2518 est,
170 2464 229 2503 non
253 2444 306 2502 illo
325 2443 427 2502 ordine
445 2443 606 2502 Laertiano
630 2445 688 2502 nisi
711 2445 806 2502 initio
837 2446 939 2520 itaque
962 2444 1110 2502 nonlicet

94 2553 209 2593 sumere
228 2533 284 2592 hoo
305 2532 340 2592 de
360 2552 418 2608 quo
438 2533 588 2609 loquimur
606 2534 828 2612 gnomologium
846 2531 960 2592 Laertii
979 2551 1110 2592 servasse

95 2623 237 2682 ordinem.
260 2641 395 2697 —quae
419 2641 488 2680 oum
510 2623 555 2680 ita
578 2623 646 2697 sint,
669 2623 785 2680 nullum
808 2623 840 2680 in
863 2623 951 2681 huius
975 2621 1110 2698 dispute-

94 2712 186 2771 tionis
213 2713 389 2788 fragmentis
417 2711 588 2770 ordinandis
618 2713 759 2770 habemus
788 2714 940 2770 externum
967 2710 1111 2768 indicium

95 2801 253 2875 1111111111,
277 2819 345 2858 enm
368 2802 499 2859 eiusdem
522 2800 686 2859 sententiae
708 2800 853 2875 reliquiae
875 2803 907 2860 in
931 2800 1045 2859 duobus
1068 2800 1111 2857 la-

95 2889 215 2966 pidibus
238 2892 427 2966 reperiuntur
450 2881 499 2970 (fr.
521 2892 561 2948 62
582 2892 612 2947 et
631 2891 672 2948 63
688 2916 722 2936 --
736 2882 856 2971 XLVI).
903 2893 1111 2967 argumentum

95 2981 195 3054 ipsum
218 2979 303 3038 nobis
328 2979 400 3038 satis
422 2978 526 3037 indioii
549 2997 611 3037 esse
635 2978 729 3037 debet.

164 3067 264 3144 Atque
283 3068 334 3125 frr.
351 3069 392 3128 60
408 3071 437 3126 et
454 3069 492 3126 61
515 3060 632 3148 (XXIII
650 3071 680 3126 et
698 3060 811 3148 XXIV)
830 3070 917 3128 initio
937 3069 1041 3145 scripti
1059 3070 1110 3126 tri-

96 3156 215 3214 buenda
237 3175 299 3216 esse
323 3160 457 3233 apparet,
481 3177 549 3217 oum
571 3157 730 3216 manifesto
752 3157 791 3216 ad
808 3159 1024 3234 praefationem
1047 3177 1112 3234 per-

96 3245 222 3304 tineant.
277 3247 476 3324 fragmentum
505 3247 545 3304 63
575 3238 701 3328 (XXIX)
734 3253 846 3321 autem,
879 3247 958 3323 quod
987 3267 1050 3306 rem
1083 3251 1113 3306 et

97 3334 293 3410 partitionem
305 3337 349 3394 rei
367 3335 489 3409 indicat,
508 3336 593 3394 nobis
611 3336 753 3411 praesidii
772 3336 887 3412 aliquid
901 3337 1032 3412 praebet,
1053 3355 1112 3412 quo

98 3424 130 3482 in
162 3423 329 3501 digerendis
361 3427 467 3485 ceteris
498 3425 674 3503 fragmentis
707 3427 753 3483 uti
784 3426 881 3484 lieeet.
929 3426 1002 3485 dioIt
1033 3428 1112 3484 enim

99 3513 227 3590 scriptor
263 3531 294 3572 se
330 3517 461 3589 primum
497 3512 570 3588 περὶ
606 3510 861 3588 καταστημάτων
899 3514 1008 3572 deinde
1041 3512 1127 3579 see&
