2430 3840
459 195 672 248 ..XLV-

110 381 114 399 ⁵
134 365 187 424 Gr.
204 365 257 425 Gr.
271 364 303 424 H
319 367 336 422 2
352 385 380 440 p.
397 365 458 423 501
481 365 547 422 edn.
576 364 711 423 Aristeas
731 364 823 423 semel
840 364 932 423 habet
955 357 993 445 (o.
1009 356 1075 447 90),

132 474 220 530 saepe
249 453 409 530 Josephus,
436 471 497 511 non
525 472 688 528 numquam
716 452 885 528 Epictetum
912 452 1076 512 Atticistae

133 563 252 620 quoque
279 543 404 616 habent,
436 543 472 601 de
505 542 611 618 quibus
644 543 696 601 cfr.
730 542 914 601 Schmidium
941 542 1004 601 Att.
1031 543 1076 600 IV

132 654 161 709 p.
178 635 251 706 622,
274 632 320 690 ΠΙ
343 652 371 707 p.
388 632 439 706 85,
462 631 506 688 IV
528 652 557 707 p.
573 633 624 690 87.

56 725 108 782 16.
134 719 235 782 ὥστε
258 723 367 780 omisso
390 720 556 779 infinitivus
576 721 656 780 solus
678 721 917 780 consecutionem
935 723 1077 798 exprimit

132 812 168 870 fr.
183 809 283 869 XXIV
310 810 365 869 col.
384 809 415 869 H
436 812 485 867 14.
537 829 572 868 ex
600 810 743 885 exemplis
771 809 937 870 Blassianis
967 810 1018 870 Gr.
1047 812 1076 870 d.

133 901 199 958 NT
218 921 246 977 p.
264 901 327 958 219
351 899 421 958 huie
444 899 632 958 simillimum
655 901 700 958 est
722 899 994 976 Actorum'Apcst.
1011 901 1074 974 5‚3

133 985 186 1049 διὰ
215 985 245 1048 τί
282 985 474 1062 ἐπλήρωσεν
511 983 529 1047 ὁ
560 986 711 1061 Σατανᾶς
743 985 802 1061 τὴν
835 985 969 1062 καρδίαν
1003 999 1076 1060 σου,

134 1074 321 1151 ψεύσασθαί
353 1088 392 1137 σε
419 1073 458 1136 τὸ
482 1077 608 1152 πνεῦμα
633 1074 671 1136 τὸ
696 1073 789 1147 ἅγιον
813 1074 864 1137 καὶ
887 1074 1075 1152 νοσφίσασ-

134 1169 186 1226 θαι
209 1166 274 1226 κτλ.

57 1259 109 1316 17.
134 1253 258 1316 καίτοι
273 1275 340 1314 oum
349 1257 509 1332 participio
518 1275 573 1331 pro
584 1252 696 1330 καίπερ
706 1257 742 1314 fr.
753 1255 849 1314 LXIV
860 1257 913 1316 ool.
924 1256 956 1314 H
967 1259 994 1315 9.
1012 1275 1078 1315 mos

133 1344 350 1422 posterioribus
381 1344 565 1421 temporibus
593 1345 807 1404 usitatissimus
835 1336 902 1426 (cfr
926 1345 1077 1405 Blossium

134 1436 154 1494 l.
170 1453 193 1493 c.
216 1455 245 1510 p.
262 1426 351 1514 242),
375 1436 427 1509 qui
450 1437 552 1492 tumen
575 1435 636 1492 iem
660 1435 742 1510 apud
762 1434 944 1492 Simonidem
970 1438 1000 1493 et
1018 1433 1077 1510 Ly-

134 1525 210 1584 siam
224 1523 316 1583 semel
330 1524 471 1598 occurrit,
489 1524 542 1582 cfr.
556 1522 786 1582 Kuhner-Gerth
802 1523 854 1582 Gr.
872 1523 924 1583 Gr.
938 1523 970 1582 H
986 1525 1014 1599 2,
1026 1525 1077 1583 85.

135 1633 150 1672 e
178 1614 298 1690 vulgari
330 1631 464 1671 sermone
498 1614 589 1671 etiem
617 1614 648 1670 iu
676 1612 835 1672 Atticistas
862 1613 996 1690 irrepsit,
1025 1614 1077 1671 cfr.

135 1701 320 1761 Schmidium
342 1701 361 1760 l.
378 1721 400 1760 c.
424 1701 468 1760 IV
493 1723 521 1778 p.
538 1705 611 1762 620,

58 1792 109 1853 18.
136 1789 180 1866 μή
204 1792 325 1868 negatio
349 1811 404 1866 pro
429 1787 467 1850 οὐ
490 1793 523 1848 in
549 1791 704 1850 sententiis
727 1793 871 1865 relativis,
895 1792 986 1849 etiam
1009 1794 1078 1866 post

135 1877 184 1941 ὅτι
213 1880 346 1957 vulgaris
374 1883 518 1940 sermonis
548 1899 619 1939 usus
651 1883 708 1957 est,
737 1901 826 1956 quem
854 1881 957 1939 tamen
985 1881 1078 1939 etiam

133 1971 296 2029 Atticistae
310 1988 371 2027 non
386 1971 506 2028 omnino
521 1972 669 2047 ignorent,
689 1971 741 2028 cfr.
761 1969 945 2029 Schmidium
963 1970 982 2027 l.
997 1988 1021 2028 c.
1034 1969 1078 2028 IV

134 2079 163 2136 p.
180 2060 253 2118 623.
299 2060 361 2116 iem
389 2059 467 2134 apud
496 2061 631 2118 vetustos
660 2061 817 2134 scriptores
844 2059 933 2118 huius
962 2059 1080 2136 generis

134 2167 232 2224 pauca
251 2148 385 2223 exempla
404 2150 531 2222 exstent,
553 2148 603 2207 cfr.
623 2146 855 2206 Kiihner·Gerth
876 2147 927 2208 Gr.
945 2148 996 2207 Gr.
1011 2147 1042 2206 Π
1058 2151 1076 2206 2

62 2327 112 2384 19.
137 2321 205 2386 οὖν
228 2345 288 2384 non
311 2345 476 2400 numquam
499 2344 517 2383 e
540 2326 706 2384 sententiae
729 2325 817 2384 initio
840 2326 959 2402 longius
982 2345 1079 2385 remo·

136 2418 200 2473 tum
227 2416 285 2488 est,
312 2415 348 2472 fr.
368 2414 471 2473 XXIH
498 2415 626 2474 col.18
656 2418 686 2473 et
712 2415 749 2473 fr.
768 2414 898 2473 XXXIII
925 2416 980 2474 col.
1000 2415 1015 2473 I
1036 2417 1077 2474 14

135 2505 225 2562 tertio
248 2504 323 2578 loco,
346 2504 382 2562 fr.
397 2504 428 2561 II
451 2505 505 2562 ool.
520 2504 536 2561 I
552 2507 592 2563 14
618 2507 732 2579 quarto.
766 2505 817 2564 cfr.
836 2504 971 2564 Aristeas
995 2507 1075 2564 c.11

136 2589 166 2652 τί
188 2589 226 2652 τὸ
250 2591 378 2652 κωλῦον
402 2588 469 2664 οὖν,
495 2587 592 2664 εἶπεν,
617 2589 706 2653 ἐστίν
733 2597 762 2652 et
785 2612 861 2670 quae
885 2595 1019 2669 exempla
1043 2612 1079 2651 ex

134 2683 274 2758 Epicteto
289 2683 321 2739 in
334 2682 432 2741 indice
446 2685 534 2740 notat
548 2682 685 2757 Schenkl,
701 2683 733 2741 in
748 2683 856 2759 quibus
871 2678 930 2742 οὖν
945 2684 1080 2758 tertium,

136 2775 290 2847 quartum,
321 2771 413 2830 immo
441 2772 487 2830 bis
516 2774 653 2847 quintum
685 2773 783 2832 locum
810 2775 894 2830 tenet
919 2773 957 2831 fr.
982 2775 1033 2846 28,
1058 2775 1074 2830 1

138 2857 177 2920 οὐ
197 2857 270 2934 περὶ
284 2861 343 2920 τοῦ
358 2857 516 2935 τυχόντος
536 2856 604 2937 οὖν,
627 2861 672 2920 IV
689 2862 795 2936 1,125
821 2858 873 2920 διὰ
892 2858 921 2920 τί
946 2858 997 2920 ἐπὶ
1021 2857 1079 2935 μό·

138 2965 198 3008 νου
218 2944 277 3008 οὖν
301 2949 359 3009 τοῦ
384 2945 559 3024 ἀνθρώπου
583 2949 649 3009 κτλ.

60 3041 110 3099 20.
135 3037 368 3113 Adverbium,
406 3057 464 3114 quo
502 3039 684 3099 odieotIVum
725 3042 892 3098 accuratius
930 3039 1080 3115 definitur,

135 3128 205 3185 huic
228 3130 420 3204 postponitur
442 3129 478 3187 fr.
493 3128 553 3187 VH
575 3129 630 3186 col.
645 3129 662 3188 I
678 3132 718 3188 12
743 3122 878 3210 (λεπτὴν
899 3125 926 3189 δ’
946 3121 1081 3211 ἄκρως),

135 3217 171 3274 fr.
183 3215 257 3273 VIII
268 3217 321 3275 col.
331 3217 376 3274 IV
392 3220 409 3275 2
426 3208 561 3298 (λεπτὸν
577 3210 712 3300 ἄκρως),
732 3219 768 3276 fr.
784 3219 1078 3278 xxxvm001.14

136 3304 253 3470 εειέἓδῶ
277 3298 386 3386 πάνυ).
433 3307 465 3364 in
488 3307 546 3364 NT
569 3308 744 3383 plerumque
768 3307 810 3382 fit,
834 3309 886 3366 cfr.
910 3308 996 3368 Blass
1019 3309 1039 3366 1.
1054 3327 1077 3366 c.

62 3486 112 3542 21.
136 3479 193 3556 τίς
217 3503 381 3559 pronomen
403 3483 596 3544 indefinitum
618 3503 689 3545 cum
706 3488 850 3565 genetiuo
870 3487 1030 3558 purtxt'xuu
1050 3499 1100 3533 se·

136 3575 244 3646 quente
257 3574 294 3632 fr.
304 3573 355 3634 HI
363 3573 418 3635 ool.
429 3574 491 3636 111
506 3566 616 3660 (τινὲς
626 3576 699 3639 uisu
715 3565 1000 3652 epitectum&
1006 3558 1141 3618 mx
