2430 3840
499 165 701 218 ..XLI-

168 336 266 394 altera
301 336 459 394 secmadum
491 336 605 407 aliquid
641 338 707 394 orta
740 353 802 394 esse
834 334 953 394 videtur
989 336 1019 392 et
1048 333 1110 391 iarn

168 424 249 500 apud
277 425 481 500 Thucydidem
509 424 613 496 semel,
641 424 720 499 apud
748 427 881 483 oratores
908 424 1027 481 Atticos
1055 422 1110 480 ali·

166 514 285 589 quotics
316 516 479 588 invenitur,
516 514 567 571 cfr.
599 511 836 571 Ktihnor·Gorth
871 512 924 572 Gr.
949 512 1002 571 Gr.
1029 510 1062 569 II
1090 515 1106 568 1

167 623 196 678 p.
213 603 285 662 513.
332 604 379 661 sin
406 605 508 661 autem
535 603 567 659 in
594 603 652 660 tali
679 603 827 661 sententia
856 602 953 677 qualis
981 604 1027 660 ost
1052 601 1109 659 De·

167 691 353 751 mosthcnica
380 692 434 750 illa
463 683 603 771 (4,11):
632 687 710 751 οὐδὲ
738 685 835 764 οὗτος
859 688 948 764 παρὰ
970 688 1029 764 τὴν
1053 684 1109 748 αύ-

167 779 227 840 τού
263 775 373 855 ῥώμην
407 780 570 840 τοσούτον
608 776 781 853 ἐπηύξηται
814 775 897 839 ὅσον
929 777 1018 854 παρὰ
1050 776 1109 852 τὴν

166 865 325 944 ἡμετέραν
354 865 505 944 ἀμέλειαν
537 889 597 928 non
627 869 705 927 actio
736 869 798 928 sive
830 872 940 928 natura
971 867 1110 940 hominis,

166 978 222 1034 per
248 978 339 1035 quam
362 959 479 1034 aliquid
501 959 548 1032 fit,
572 958 623 1016 sed
646 959 734 1018 homo
758 961 822 1033 ipse
846 958 1027 1031 nominatur,
1052 959 1109 1016 ori-

166 1051 218 1106 tur
236 1048 382 1108 eiusmodi
401 1048 545 1107 orationis
564 1048 677 1105 forma:
701 1043 778 1107 οὐδὲ
797 1042 895 1121 οὗτος
914 1043 989 1122 παρ)
1009 1042 1109 1106 αὑτὸν

167 1136 331 1197 τοσούτον
360 1133 533 1211 ἐπηύξηται
561 1131 644 1196 ὅσον
673 1132 747 1211 παρ’
771 1133 863 1212 ἡμᾶς.
910 1155 970 1211 qua
993 1136 1109 1195 ratione

167 1226 350 1301 praepositio
368 1226 423 1284 illa
442 1225 578 1284 adhibita
602 1228 647 1285 est
669 1228 702 1284 in
721 1226 844 1301 Epicuri
867 1226 995 1301 epistula
1018 1226 1110 1283 tertia-

168 1313 268 1389 §134
291 1307 356 1395 (Us.
376 1335 404 1391 p.
421 1316 472 1389 65,
488 1307 536 1397 9):
559 1309 602 1392 <d
626 1312 763 1389 μὲνγὰρ
783 1310 892 1374 αὐτῶν
915 1309 986 1373 κατ’
1011 1309 1108 1383 ἀνάγ-

168 1420 226 1477 κην
249 1400 396 1475 γίνεσθαι
419 1398 569 1480 coniza>
600 1399 620 1461 ἃ
644 1402 680 1462 δὲ
704 1399 769 1463 ἀπὸ
793 1400 905 1476 τύχης,
930 1399 951 1460 ἃ
975 1402 1010 1462 δὲ
1034 1397 1108 1476 παρ’

165 1488 251 1568 ἡμᾶς
279 1495 364 1552 etin
388 1494 508 1552 Aristea
536 1492 653 1567 §2242
681 1491 733 1552 καὶ
756 1488 864 1566 οὐδεὶς
892 1487 965 1566 παρ’
991 1488 1109 1552 ἑαυτόν

166 1578 238 1642 ἐστι
267 1579 431 1657 βασιλεύς,
462 1602 537 1658 quae
565 1583 684 1657 proprie
712 1582 797 1641 nobis
825 1583 933 1655 icfolpe
964 1598 1021 1639 oca
1052 1599 1110 1639 cons

167 1670 269 1745 (sich),
301 1689 358 1730 ooo
388 1690 446 1729 uras
477 1671 563 1744 (sich)
596 1689 651 1729 aas
683 1670 884 1748 intellegenda
912 1674 989 1729 sunt.
1044 1673 1110 1728 tum

165 1761 314 1819 formulae
340 1762 437 1819 instar
460 1761 552 1819 verba
580 1760 810 1834 adhibebantur,
834 1781 869 1818 ex
892 1760 1002 1834 crebro,
1026 1762 1109 1836 puto,

167 1868 224 1907 usu
256 1851 513 1926 philosophorum,
541 1851 669 1909 fortasse
701 1851 929 1926 Epicureorum,
962 1852 1016 1925 qui
1047 1849 1108 1907 illis

167 1939 265 1998 verbis
285 1938 398 2014 aliquid
418 1939 513 1998 libera
530 1940 686 1998 voluntate
705 1940 770 1998 fieri
788 1938 1004 2017 significabant.
1037 1939 1108 2014 Epi-

166 2046 255 2086 curus
278 2030 358 2086 onim
381 2030 445 2103 ipse
468 2028 565 2087 verbis
589 2024 664 2102 παρ’
684 2024 767 2102 ἡμᾶς
791 2028 879 2103 quasi
902 2029 1033 2086 formula
1050 2027 1109 2086 uti-

165 2119 218 2175 tur
240 2118 331 2193 paulo
354 2121 423 2192 post
442 2117 541 2193 verba,
566 2137 641 2191 quae
664 2118 752 2176 modo
776 2120 870 2175 citata
893 2120 971 2191 sunt,
995 2112 1048 2175 διὰ
1071 2113 1109 2175 τὸ

166 2203 226 2278 τὴν
250 2204 308 2279 μὲν
333 2201 476 2278 ἀνάγκην
500 2201 725 2266 ἀνυπεύθυνον
749 2201 843 2277 εἶναι,
867 2203 925 2278 τὴν
949 2204 986 2264 δὲ
1009 2202 1109 2278 τύχην

168 2290 313 2354 ἄστατον
338 2290 427 2367 ὁρᾶν,
452 2292 489 2353 τὸ
514 2293 550 2353 δὲ
573 2291 649 2367 παρ)
668 2291 751 2368 ἡμᾶς
772 2290 966 2365 ἀδέσποτον,
992 2296 1022 2351 et
1040 2294 1109 2352 Plu-

167 2383 289 2443 tarchus
317 2383 436 2452 Quaest.
465 2401 549 2442 conv.
579 2404 608 2459 p.
630 2386 717 2442 7222
746 2385 820 2442 dicit
847 2379 913 2457 ἔχει
942 2381 977 2442 δέ
1006 2399 1035 2442 τι
1058 2380 1110 2442 καὶ

166 2469 205 2531 τὸ
228 2468 303 2546 παρ>
327 2469 410 2547 ἡμᾶς
435 2467 550 2544 αἴτιον,
580 2490 609 2531 cs
631 2473 683 2532 bot
705 2474 779 2532 cuch
802 2475 865 2548 dos,
888 2491 951 2532 roos
973 2490 1030 2531 οοιι
1052 2490 1110 2531 uos

166 2580 224 2621 aas
251 2563 404 2636 pescbiebt,
437 2566 524 2622 etwas
555 2561 665 2621 Scbcld
696 2565 801 2621 dorca.
855 2582 930 2637 quae
962 2562 1110 2620 formulae

166 2651 295 2711 articulo
313 2655 474 2727 praecunte
494 2651 628 2710 adverbii
645 2652 742 2710 instar
760 2650 938 2710 adhibentur
955 2652 1029 2710 locis
1047 2652 1110 2710 illis

166 2759 242 2815 quos
264 2740 353 2799 initio
377 2740 470 2799 citavi
487 2741 585 2817 Epict.
605 2740 680 2815 112,
698 2744 739 2800 20
762 2741 841 2799 Plut.
857 2759 910 2800 scr.
925 2760 997 2798 mor.
1014 2741 1108 2815 5660,

170 2830 293 2904 10712,
317 2830 369 2887 ubi
391 2829 482 2887 verba
505 2825 579 2903 παρ’
605 2826 705 2890 αύτόν
729 2849 832 2888 revera
855 2829 1025 2907 significant
1047 2848 1109 2888 ‘was

166 2936 224 2977 coc
250 2922 309 2978 uvir·
336 2936 392 2979 aas
418 2920 573 2992 pescbeboo
600 2920 693 2993 Ιιαιιιι,
726 2938 908 2995 quamquam
935 2938 1029 2994 prope
1061 2938 1108 2977 ac-

167 3008 276 3066 cedunt
304 3007 342 3066 ad
370 3009 498 3067 similem
529 3010 691 3068 formulam
722 3008 809 3067 valde
837 3008 982 3067 usitatam
1010 3004 1047 3067 τὸ
1074 3003 1109 3078 γ’

169 3092 221 3172 ἐφ’
245 3093 319 3171 ἡμῖν
338 3098 426 3156 societ
445 3099 488 3156 ber¹
511 3116 568 3156 usos
587 3099 666 3156 steht.
699 3098 803 3157 eadem
821 3100 937 3156 ratione
956 3096 1108 3157 Plutarchi

168 3205 287 3261 quoque
310 3186 401 3245 verba
423 3187 458 3246 de
478 3185 568 3246 Stoio.
588 3206 693 3245 comm.
712 3190 773 3246 not.
795 3190 905 3246 1071a
924 3206 1000 3262 quae
1019 3204 1109 3262 supra

167 3278 333 3335 memorata
361 3279 434 3334 sunt
462 3272 569 3335 πάντα
598 3273 639 3336 τὰ
676 3272 750 3350 παρ’
789 3273 906 3336 ἑαυτὸν
944 3275 1048 3335 ποιεῖν
1079 3279 1110 3334 et

168 3363 319 3441 Diogenis,
335 3384 412 3440 quae
426 3365 514 3424 huius
530 3366 721 3442 digressionis
736 3384 825 3425 causa
843 3367 974 3438 fuerunt,
992 3364 1109 3423 intelle-

169 3454 266 3528 genda
285 3457 364 3512 sunt.
398 3456 501 3530 itaque
525 3454 604 3529 quod
627 3455 739 3531 legitur
762 3454 840 3512 Plut.
856 3472 911 3512 scr.
925 3472 1002 3510 mor.
1015 3453 1120 3508 h‘hhh.

78 3602 82 3609 ,
168 3539 207 3600 οὐ
232 3538 306 3616 πὰρ’
330 3538 388 3603 ἕνα
412 3540 452 3604 Τὰ
475 3539 649 3622 Σπάρτας,
672 3546 704 3606 si
722 3546 853 3623 piopr'xb
872 3540 991 3605 saitis,
1004 3550 1079 3588 non
1095 3531 1152 3581 aa&
