2430 3840
496 141 715 207 ,89-

95 317 152 354 ιιοιι
171 301 227 354 nisi
241 303 356 368 propter
369 299 545 368 voluptatem
560 301 658 369 appeti
672 303 770 354 notum
784 302 835 354 est.
864 301 912 355 cfr.
928 301 1009 370 Diog.
1024 301 1116 373 Laert.

94 370 121 424 X
136 377 187 425 138
206 371 262 438 (Us.
278 371 311 424 fr.
329 374 390 438 504)
410 373 455 425 διὰ
475 374 504 425 δέ
523 375 577 440 τήν
592 375 700 439 ἡδονὴν
719 377 765 426 καί
782 374 833 437 τὰς
852 375 953 440 ἀρετὰς
971 373 1115 441 αἱρεῖσθαι,

95 445 130 498 οὐ
144 443 185 497 δι’
203 445 291 508 αὑτὰς
309 445 338 495 et
356 442 403 494 Ue.
419 442 451 495 fr.
468 448 520 495 504
531 460 591 510 sqq.
612 446 641 496 et
660 441 715 496 Cic.
731 443 766 496 dc
784 444 830 497 fin.
845 444 859 497 Ι
873 449 916 509 13,
931 449 964 496 4⁶2
974 462 1034 512 sqq.

167 514 267 568 col.IV
285 533 312 568 v.
327 521 343 567 2
363 516 445 568 οὗτοι
463 532 551 568 unum
569 517 679 568 rectum
698 531 758 568 esse
777 517 872 583 potest
891 516 985 585 (αὐταί
1002 515 1072 569 Heb.
1088 517 1118 570 et

94 585 168 655 Kal).
205 585 355 639 nonenim
378 585 425 638 hio
443 585 596 639 virtutibus
620 601 653 639 ea
676 589 856 654 opponuntur
875 604 946 656 quae
969 587 1005 640 iis
1029 585 1117 641 effici-

94 659 193 723 untu13
213 675 278 710 nam
298 657 355 710 dici
373 673 430 710 non
448 659 542 725 potest
559 657 679 711 virtutes
698 659 775 726 ipsas
792 658 907 726 quidem
925 658 1116 711 hominiusui

95 744 169 794 esse,
193 729 224 781 id
247 730 343 783 autem
366 729 442 796 quod
463 729 616 782 virtutibus
640 729 780 783 efficiatur
804 730 832 799 (i.
848 734 908 797 αὴ
933 730 1116 799 εὐδαιμονία),

99 798 188 853 alium
206 800 301 854 nescio
320 816 404 867 quem
422 800 527 854 iuvare.

166 890 192 925 v.
207 877 304 924 3-14.
349 871 469 927 virtutes
497 888 553 924 non
581 871 668 925 alium
697 887 867 940 quemquam
895 872 1033 925 adiuvant
1060 871 1117 925 nisi

96 943 239 996 hominem
253 943 354 1010 ipsum.
374 943 423 996 cfr.
439 961 498 1010 κυρ.
510 946 564 999 δδξ.
578 948 693 1010 31-33,
704 949 746 1010 36,
766 943 868 1011 quibus
884 944 919 996 de
931 960 990 997 una
1005 960 1019 996 e
1034 945 1116 1011 quat-

95 1017 160 1067 tuor
176 1014 330 1067 virtutibus
350 1014 453 1084 agitur,
473 1015 508 1067 de
526 1015 645 1081 iustitia,
672 1031 790 1082 eamque
814 1017 954 1082 σύμβολον
978 1021 1028 1069 τοθ
1049 1030 1117 1081 συμ-

97 1087 236 1153 φέροντος
245 1102 306 1139 essc
317 1085 428 1152 dicitnr,
440 1086 518 1138 cuius
528 1102 585 1138 non
594 1087 749 1154 participes
759 1103 820 1140 esse
829 1087 944 1140 bestias.
969 1086 1018 1140 c'fr.
1030 1087 1116 1140 etiam

96 1156 298 1210 Hermarchum
313 1157 390 1225 apud
400 1155 534 1224 Porphyr.
553 1157 587 1209 de
603 1157 729 1212 abstin.I
744 1163 786 1225 10,
804 1158 855 1211 ubi
869 1160 1019 1226 postquam
1034 1174 1117 1226 expo-

97 1227 182 1281 situm
197 1230 248 1293 est,
268 1228 408 1296 quomodo
422 1228 497 1281 inter
510 1229 638 1281 homines
658 1229 828 1295 convenerit,
848 1245 882 1282 ne
898 1246 1068 1297 quemquam
1082 1245 1116 1282 ex

96 1299 154 1353 suis
173 1300 341 1367 occiderent,
363 1300 402 1352 sic
417 1300 506 1353 oratio
523 1300 652 1367 procedit
665 1307 724 1354 τῶν
739 1303 769 1354 δέ
784 1305 890 1354 λοιπῶν
904 1304 987 1370 ζῴων
1001 1301 1117 1365 εἰκότως

95 1373 179 1426 οὐδέν
194 1374 368 1425 διεκώλυσαν
387 1371 511 1438 φθείρειν
530 1373 557 1425 οἱ
575 1377 682 1438 πρῶτοι
701 1373 874 1438 διορίσαντες
897 1374 946 1426 ἅτε
966 1375 1006 1426 δεῖ
1025 1379 1115 1426 ποιεῖν

96 1445 169 1509 ἡμᾶς
194 1444 244 1497 δίτε
270 1443 320 1509 μή·
346 1444 380 1496 τδ
405 1444 459 1509 γὰρ
486 1445 632 1510 συμφέρον
659 1444 703 1497 ἐπί
728 1445 839 1497 τούτων
865 1445 896 1496 ἐκ
918 1448 970 1510 τῆς
988 1444 1117 1507 ἐναντίας

96 1517 257 1568 ἀπετελεῑτο
275 1516 413 1581 πράξεως,
438 1515 467 1566 et
491 1519 524 1566 12
539 1516 577 1581 (p.
594 1518 640 1578 95,
658 1532 683 1567 ν.
701 1518 733 1566 16
745 1531 804 1582 sqq.
824 1514 868 1568 ed.
883 1512 1005 1583 Nauck&
1025 1515 1048 1568 εἰ
1068 1516 1117 1580 μέν

97 1587 148 1638 οὖν
168 1587 303 1640 ἐδύναντο
322 1585 495 1651 ποιήσασθαί
508 1603 570 1639 τινα
585 1587 728 1653 συνθήκην
748 1588 842 1653 ὥσπερ
861 1587 932 1653 πρὸς
950 1587 1118 1652 ἀνθρώπους

96 1658 173 1711 οὕτω
197 1660 242 1710 καί
265 1660 335 1723 πρὸς
351 1659 387 1710 τὰ
406 1659 489 1711 λοιπὰ
507 1662 566 1711 τῶν
581 1659 662 1726 ζῴων
685 1659 756 1725 ὑπέρ
775 1663 826 1711 τοῦ
847 1661 883 1724 μὴ
904 1657 1020 1711 κτείνειν
1044 1659 1116 1724 μηδὲ

96 1729 166 1794 πρὸς
187 1731 269 1793 ἡμῶν
293 1729 412 1796 ἀκρίτως
435 1730 508 1782 αὐτὰ
526 1729 693 1797 κτείνεσθαι,
718 1733 811 1793 καλῶς
828 1731 884 1795 εἶχε
909 1731 986 1796 μέχρι
1009 1730 1113 1782 τούτου

96 1801 129 1852 τὸ
150 1799 256 1852 δίκαιον
275 1802 382 1864 ἐξάγειν
398 1843 538 1854 .......
555 1802 649 1868 ἐπειδὴ
670 1803 702 1855 δέ
719 1807 778 1855 τῶν
793 1802 947 1868 ἀμηχάνων
966 1802 1002 1867 ῆν
1016 1817 1116 1853 κοινω-

96 1874 181 1936 νῆσαι
199 1872 287 1936 νόμου
306 1874 341 1924 τὰ
357 1875 393 1938 μὴ
409 1873 546 1937 δεχόμενα
564 1878 624 1926 τῶν
643 1874 724 1942 ζῴων
739 1874 824 1937 λόγον
843 1876 899 1926 κτλ.
929 1871 1026 1939 itaque
1042 1870 1117 1938 quod

96 1939 158 1993 illic
177 1940 210 1992 de
230 1940 340 1994 iustitia
359 1942 471 2008 dicitur,
490 1942 564 1996 inter
582 1943 710 1996 homines
730 1941 803 1996 solos
823 1959 885 1996 earn
904 1945 1022 2009 exstare,
1042 1942 1117 1996 idem

98 2011 133 2064 de
153 2011 284 2064 omnibus
303 2012 456 2066 virtutibus
475 2013 532 2066 dici
551 2016 653 2081 potest.

167 2088 252 2136 v.14.
289 2085 562 2151 argumentationem
581 2085 732 2152 abruptam
757 2084 810 2137 tali
833 2085 916 2137 modo
940 2101 1117 2154 progressam

97 2170 158 2279 33:1³
173 2155 614 2279 {transmeasset
629 2155 1117 2297 ”tutiniigniiittimotsittitt

98 2296 213 2365 aliquod
234 2313 294 2350 esse
313 2269 431 2352 v’irtutes
450 2297 525 2350 inter
542 2297 670 2351 homines
693 2300 810 2367 pactum
835 2298 871 2351 ad
896 2299 1118 2352 conservandum

98 2371 127 2422 et
144 2369 297 2422 tutandum
315 2385 404 2437 genus
422 2370 586 2423 humanum.
623 2386 680 2422 non
703 2386 769 2439 ergo
791 2369 910 2423 virtutes
934 2370 1014 2437 ipsae
1037 2373 1117 2434 τέλος

98 2442 172 2507 sunt,
192 2440 240 2493 sed
260 2439 323 2494 ideo
342 2441 455 2493 tantum
474 2440 604 2494 coluntur
628 2441 663 2494 ab
682 2440 858 2507 hominibus,
882 2443 914 2494 ut
937 2441 1118 2494 securitatem

98 2511 153 2564 sibi
178 2514 287 2579 parent.
332 2512 468 2565 securitas
495 2515 590 2576 autem
618 2531 675 2565 una
705 2530 739 2566 ex
765 2513 801 2565 iis
827 2512 910 2566 rebus
937 2515 988 2577 est,
1015 2512 1117 2579 quibus

97 2583 237 2651 imprimis
256 2583 411 2636 maximum
429 2583 533 2637 bonum
553 2583 682 2637 officitur.

169 2655 210 2710 fr.
230 2655 334 2710 XXVI
362 2657 509 2708 contextus
537 2655 584 2710 hie
607 2655 694 2709 fuisse
717 2655 841 2710 videtur:
870 2655 920 2707 ubi
944 2655 1118 2707 demonstra

98 2729 158 2778 tum
186 2729 242 2790 est,
270 2744 327 2780 non
354 2727 473 2780 virtutes
502 2743 562 2781 esse
591 2744 730 2780 summum
757 2726 874 2790 bonum,
900 2727 949 2780 sed
972 2728 1118 2793 ποιητικὰς

96 2799 207 2850 tantum
226 2798 312 2866 illius,
333 2816 472 2851 summum
490 2798 595 2851 bonum
614 2800 710 2851 autem
728 2797 823 2866 potius
841 2797 872 2849 in
885 2796 1033 2864 voluptate
1048 2813 1117 2860 esse,

97 2884 171 2920 nunc
196 2870 315 2938 scriptor
337 2870 502 2938 priusquam
526 2869 563 2922 ad
586 2869 750 2923 tractandos
773 2867 892 2922 affectus
915 2868 1031 2934 transit,
1060 2869 1117 2920 iam

96 2955 182 2990 unum
203 2941 425 2995 adversariorum
440 2941 583 2994 decretum
597 2940 724 2995 refellere
742 2939 811 2994 vult.
840 2939 942 2992 falsam
962 2940 1037 2992 enim
1057 2955 1118 2992 esse

98 3025 194 3063 eorum
213 3013 394 3079 sententiam,
419 3013 468 3081 qui
489 3013 596 3078 dicunt,
614 3012 751 3074 homines,
770 3012 819 3079 qui
842 3011 960 3064 virtutes
984 3011 1117 3078 habeant,

98 3081 230 3136 continuo
250 3083 337 3136 etiam
357 3102 463 3137 summo
487 3083 561 3138 bono
580 3084 650 3150 frui,
673 3084 771 3151 itaque
789 3083 908 3136 virtutes
927 3099 983 3135 non
1007 3081 1118 3135 efficere

98 3170 237 3205 summum
255 3152 367 3221 bonum,
388 3157 436 3209 sed
456 3156 533 3224 ipsas
548 3172 617 3209 esse,
646 3156 752 3223 quade
772 3170 857 3208 causa
875 3155 969 3207 omnia
988 3156 1118 3222 ποιητικὰ

98 3225 148 3276 aut
166 3233 422 3293 πρωτοχρονοίλντα
442 3230 491 3280 aut
511 3233 720 3295 συνχρονοθντα
740 3229 791 3280 aut
810 3232 1038 3293 μεταχρονοῠντα
1057 3241 1118 3278 esse

97 3296 187 3363 docet,
206 3295 325 3349 virtutes
345 3300 440 3350 autem
459 3299 488 3350 in
507 3315 622 3353 numero
641 3303 700 3352 τῶν
720 3300 954 3364 συνχρονούνταιν
973 3312 1034 3350 esse
1054 3296 1115 3366 (col.

97 3366 136 3419 IV
154 3369 249 3435 v.10).
286 3366 350 3420 falli
368 3369 457 3438 igitur
477 3369 664 3435 adversarios,
691 3387 755 3423 cum
774 3368 854 3422 illam
873 3368 908 3422 ob
928 3384 1044 3422 causam
1061 3367 1117 3421 rir-
1184 3410 1185 3413 ,

96 3441 173 3494 tutes
199 3440 276 3508 ipsas
302 3442 382 3504 τέλος
412 3456 473 3493 esse
503 3440 609 3495 dicant.
654 3441 751 3510 (talem
781 3442 954 3494 contentum
976 3453 1045 3487 esse
1065 3438 1140 3481 uam

96 3509 166 3564 ch.
183 3514 212 3567 et
227 3509 289 3564 Kal.
304 3529 331 3580 p.
348 3515 398 3564 352
419 3514 634 3583 cognoreruntq
